2881 3807
328 287 463 334 libera
478 282 659 347 corpora
675 288 720 333 in
729 266 984 351 servitutem
1003 290 1196 349 abrepta.
1214 262 1384 333 XLIII.

276 356 583 482 Agriiogare.
621 422 782 468 bellum
800 390 984 481 ‘abrogat
1010 423 1139 481 leges.
1168 422 1384 468 XXXIV.

331 490 373 534 6.
400 490 452 534 6.
474 489 549 533 lex
586 505 716 547 quam
752 490 1021 547 abrogamus.
1046 490 1102 533 ib.
1130 493 1169 544 ξ.
1183 492 1235 532 7.
1277 490 1389 531 hanc

329 548 519 615 (legam)
562 564 609 601 ut
644 557 873 614 abrogatis.
912 557 970 601 ib.
1007 558 1046 600 3.
1074 558 1114 601 4.
1153 566 1210 601 ut
1242 557 1384 613 legem

330 624 616 681 abrogat-etis..
632 623 688 667 ib.
716 624 757 671 5.
780 624 821 668 5.
860 638 993 682 quum
1028 622 1170 680 legem
1206 624 1383 680 abroga-

329 697 439 735 rent.
475 690 531 734 ib.
560 690 599 733 8.
628 690 666 733 3.
692 690 889 750 Lycurgi
917 689 1034 747 leges
1063 704 1286 748 moresque
1314 691 1384 732 ab·

328 764 543 816 rogarent.
555 756 820 803 XXXVIII.
835 757 901 800 34.
918 757 957 798 3.
986 756 1019 799 si
1034 756 1176 813 legem
1197 756 1382 815 Oppiam

330 824 648 882 abrogaveritis.
676 823 891 869 XXXIV.
920 824 958 867 7.
989 825 1053 869 11.
1087 824 1253 881 (leges)
1282 839 1384 881 quas

329 892 432 937 mox
470 889 680 951 abrogare
708 898 896 951 possunt.
941 890 996 935 ib.
1026 895 1065 938 3.
1093 890 1134 936 5.
1180 906 1258 934 cur
1299 907 1383 935 non

329 958 402 1004 lex
430 963 601 1020 quoque
628 959 873 1017 abrogetur.
904 958 983 1003 IV.
1000 960 1146 1004 3511.
1182 973 1261 1017 pro
1287 957 1383 1015 lege

1407 157 1439 204 9

328 1032 448 1086 quae
467 1026 754 1084 abrogebatur
779 1026 839 1069 ita
866 1026 1072 1073 disseruit.
1101 1025 1316 1069 XXXIV.
1348 1027 1405 1068 1.’

110 1088 112 1090 ’
178 1100 184 1105 ’
241 1151 244 1153 Δ
316 1095 369 1142 -7,
397 1107 453 1138 ne
479 1092 587 1142 aliae
610 1098 796 1138 sacratae
823 1092 942 1150 leges
957 1094 1278 1151 abrogarentur.
1297 1091 1383 1138 111.

327 1161 396 1205 33.
425 1161 464 1208 7.
477 1156 485 1191 -’
494 1157 604 1219 quae
623 1159 741 1218 leges
769 1157 837 1203 hic
854 1167 1111 1216 rogarentur
1129 1155 1383 1217 abrogaren-

328 1235 467 1272 turve.
496 1226 712 1273 XXXIV.
740 1227 781 1269 2.
806 1227 870 1270 10.
904 1226 986 1272 ,lex
1014 1228 1155 1285 Oppia
1181 1226 1383 1284 abrogata

327 1301 404 1338 est.
437 1294 520 1351 Ep.
562 1293 778 1337 XXXIV.
823 1301 865 1336 et
904 1296 943 1337 7.
980 1296 1017 1346 §.
1046 1295 1085 1334 3.
1116 1295 1155 1335 4.
1204 1307 1297 1334 eam
1339 1307 1383 1333 se

328 1360 528 1418 abrogari
556 1376 763 1418 passuros.
793 1361 849 1405 ib.
880 1363 917 1405 1.
946 1363 987 1404 4.
1017 1361 1159 1415 legem
1187 1361 1382 1414 abrogai‘
1361 1376 1384 1399 ι

565 1426 727 1471 nullam
766 1428 966 1484 abrogari
994 1427 1163 1471 debere.
1194 1428 1249 1470 ib.
1276 1429 1315 1480 ξ.
1343 1427 1383 1468 4.

320 1427 453 1552 Ῑὶξςθῗ
471 1429 767 1539 tietustissimas
791 1494 1013 1550 abrogatas
1037 1509 1138 1537 esse.
1167 1485 1381 1540 XXXIX.

324 1562 391 1607 36.
412 1563 488 1606 4.
506 1560 560 1605 de
595 1560 694 1619 lege
728 1559 985 1619 abroganda.
1016 1559 1231 1606 XXXIV.
1281 1563 1316 1607 1.
1345 1562 1382 1605 2.

325 1627 785 1690 legemabrogandam
813 1633 997 1672 censent.
1027 1628 1080 1672 ib.
1098 1628 1131 1672 2.
1170 1629 1233 1674 12.
1261 1629 1382 1673 abro-

324 1695 511 1754 gandam
547 1695 690 1753 legem
717 1693 905 1753 Oppiam
946 1709 1108 1739 censeo.
1153 1696 1208 1739 ib.
1238 1697 1284 1739 ·4.
1312 1697 1378 1742 21.
1416 1729 1422 1737 .

326 1764 377 1806 ea
404 1762 622 1819 abrogata.
644 1761 701 1805 ib.
719 1761 770 1805 6.
790 1762 833 1805 9.
860 1776 916 1804 ne
942 1762 1146 1819 abrogata
1174 1762 1379 1805 incitaret.

325 1829 447 1884 ib..§.
464 1828 529 1872 10.
558 1827 612 1872 de
638 1827 738 1884 lege
766 1828 876 1871 victa
904 1835 946 1871 et
974 1830 1189 1886 abrogata.
1219 1830 1318 1873 ibid.
1340 1832 1379 1873 3.

324 1896 364 1940 9.
382 1894 716 1953 -plebiscitum
729 1895 892 1953 primus
914 1896 1088 1953 antiquo
1117 1890 1376 1955 abrogoque.

324 1961 485 2007 XXH.
506 1961 573 2006 26.
588 1962 629 2004 4.
653 1960 708 2004 de
734 1961 952 2005 consulatu
981 1963 1053 2020 qui
1082 1963 1378 2020 abrogabatur.

324 2025 455 2073 XXI.
481 2028 550 2077 63.
575 2028 616 2070 2.
643 2042 720 2070 suo
748 2028 953 2085 abrogato
982 2021 1220 2085 triumpho..
1240 2030 1378 2073 XLV.

324 2095 393 2140 39.
405 2096 453 2139 4.
475 2095 679 2151 abrogato
706 2094 967 2151 magistratu.
997 2096 1077 2151 Ep,
1110 2096 1230 2140 CXI.
1260 2097 1380 2138 abro-

322 2168 423 2220 gato
477 2160 767 2205 triumviratus
816 2160 993 2205 honore.
1041 2162 1123 2220 Ep.
1167 2162 1378 2208 CXXIX.

321 2228 543 2273 consulum
580 2227 759 2284 imperia
800 2228 1056 2284 abroganda.
1087 2228 1283 2272 V11L.7.
1315 2231 1379 2273 19.

322 2309 369 2340 se
406 2293 593 2338 laturum
635 2293 763 2338 fuisse
790 2292 844 2338 de
880 2294 1125 2352 abrogando
1155 2295 1276 2339 Fabii
1302 2296 1379 2338 im-

322 2362 456 2421 perio.
472 2360 624 2406 XXII.
646 2363 714 2407 25.
734 2363 799 2407 10.
828 2362 916 2417 (ubi
938 2361 1022 2406 vid.
1039 2362 1194 2417 Drak.)
1222 2362 1314 2406 do
1304 2379 1379 2405 im-

321 2430 443 2488 perio
483 2430 572 2473 eius
599 2427 845 2488 abrogando
878 2429 1042 2486 agebat.
1084 2429 1279 2474 XXVII.
1309 2430 1376 2475 20

323 2497 390 2541 11.
417 2496 510 2555 (ubi
535 2496 621 2544 vid.
637 2496 791 2554 Drak.)
815 2510 893 2540 nec
910 2495 996 2540 de
983 2497 1162 2556 imperio
1192 2498 1280 2541 eius
1308 2498 1378 2541 ab·

321 2563 514 2639 rogando
543 2571 759 2621 ageretur.
785 2563 874 2607 ibid
901 2566 938 2618 ξ.
967 2566 1030 2609 12
1060 2572 1108 2608 ut
1134 2565 1298 2622 rogatio
1326 2564 1379 2607 de

321 2630 503 2689 imperio
531 2631 619 2673 eius
637 2629 883 2688 abrogando
899 2632 1206 2689 antiquaretur.
1233 2632 1288 2676 ib.
1306 2633 1375 2677 21.

319 2698 362 2741 4.
405 2696 461 2740 de
496 2696 676 2755 imperio
707 2698 800 2741 eius
839 2698 1086 2755 abrogando
1123 2699 1286 2755 ferrent
1326 2698 1380 2741 ad

322 2763 544 2823 populum.
574 2763 747 2809 XXIX.
778 2767 843 2810 19.
871 2765 908 2807 6.
939 2772 986 2808 ut
1012 2766 1077 2809 ius
1104 2757 1286 2809 comitiis
1308 2768 1379 2809 ab·

325 2838 565 2888 rogaretur.
583 2831 667 2874 III.
683 2832 750 2875 20.
771 2832 811 2875 6.
838 2839 887 2875 ut
914 2832 1102 2889 collegae
1127 2839 1377 2890 potestatem

321 2897 564 2955 abrogaret.
600 2897 682 2955 Ep.
711 2897 879 2943 LVIII.
909 2906 1092 2955 potestas
1108 2899 1147 2942 ei
1175 2899 1378 2955 abrogata

322 2970 397 3012 est.
411 2963 494 3023 Ep.
515 2963 678 3010 CXVI.
707 2971 754 3009 ut
773 2964 1001 3023 imperium
1022 2965 1115 3023 regi
1136 2966 1375 3022 abrogaret.

321 3031 358 3075 I.
385 3031 453 3074 59.
497 3034 562 3075 11.
600 3041 646 3076 ut
684 3031 867 3076 Zeuxidi
914 3032 1197 3089 abrogaretur
1242 3032 1376 3090 impe-

320 3098 446 3142 rium.
475 3099 696 3142 XXXIII.
726 3099 793 3143 16.
807 3099 851 3144 5.
879 3099 1107 3157 imperium
1131 3099 1171 3141 ei
1197 3099 1374 3156 abroga—

319 3171 424 3213 tum.
453 3165 537 3226 Ep.
565 3166 754 3214 LXVII.
797 3165 971 3224 collegis
1007 3158 1257 3223 abrogatum
1298 3166 1374 3208 im-

320 3233 502 3291 perium.
551 3235 606 3278 V.
650 3235 715 3278 11.
753 3235 819 3278 13.
863 3234 1042 3292 imperio
1079 3233 1118 3275 ei
1157 3234 1374 3290 abrogato.

320 3299 404 3359 Ep.
431 3300 642 3346 LXXIX.
667 3325 722 3336 —
741 3316 830 3346 non
856 3299 1067 3345 credendo
1096 3298 1225 3343 fidem
1253 3300 1373 3343 abro-
1429 3351 1434 3357 ,

1510 305 1626 347 gare.
1654 291 1741 336 III.
1772 292 1834 334 16.
1845 293 1886 335 3.
1915 291 2045 334 fidem
2072 293 2284 350 abrogari.
2317 293 2393 335 VI.
2413 292 2483 336 41.
2500 294 2563 336 ll.

1511 372 1564 400 ne
1591 358 1657 400 cui
1690 365 1908 402 auctorem
1935 357 2065 402 fidem
2093 360 2406 417 abrogaverim.
2433 358 2563 404 VIII.

1514 423 1576 466 18.
1604 424 1642 466 3.
1673 432 1719 467 ut
1745 423 1874 468 fidem
1922 423 2026 468 mihi
2054 426 2318 484 abrogarem.
2348 426 2467 472 XLI.
2500 426 2563 469 13.

1510 492 1550 533 2.
1604 506 1658 532 ne
1713 490 1919 549 pudorem
1977 492 2230 535 feminarum
2293 495 2563 551 abrogemus.

1510 556 1724 603 XXXIV.
1759 560 1799 602 6.
1830 559 1868 601 8.
1909 558 1978 617 [cf.
2007 559 2142 602 Drak.
2173 559 2225 601 ad
2249 559 2352 604 VII.
2381 560 2456 606 25.
2482 558 2562 618 11.]

1454 625 1535 666 Ab
1547 639 1569 666 r
1579 639 1607 667 u
1616 639 1657 666 m
1669 627 1729 682 p'e
1740 640 1761 666 r
1771 639 1806 669 e.
1885 641 2016 682 quum
2065 625 2234 669 vincula
2283 626 2563 685 abrupiuent.

1509 688 1747 733 XXXVII.
1785 691 1852 737 20.
1882 694 1946 749 11.
1990 707 2123 750 quum
2162 691 2375 749 elephanti
2415 693 2563 751 fugam

1508 757 1850 819 abrumpentium
1871 759 2038 803 vincula
2053 760 2339 802 iumentorum
2359 759 2560 804 facerent.

1509 823 1678 867 XXVI.
1709 825 1746 866 6.
1780 827 1845 868 10.
1874 826 1989 869 locus
2017 827 2061 869 in
2091 825 2249 885 pedum
2279 825 2394 869 mille
2421 826 2563 869 admo-

1508 891 1611 935 dum
1636 890 1896 936 altitudinem
1918 894 2123 952 abruptus
2151 900 2256 936 erat.
2283 892 2411 937 XXI.
2435 893 2503 939 36.
2522 896 2561 938 2.
2641 946 2645 950 ,

1508 958 1702 1002 omnibus
1752 958 1862 1002 inter
1904 961 2120 1004 victoriam
2169 967 2407 1004 mortemve
2449 969 2565 1004 certa

1508 1025 1799 1084 desperatione
1827 1027 2028 1085 abruptiS.
2066 1026 2192 1071 XXI.
2220 1027 2289 1072 44.
2318 1026 2356 1069 8.
2399 1026 2566 1083 fastigia

1508 1109 1533 1136 a
1562 1092 1811 1136 culminibus
1852 1094 2031 1153 abrupta
2061 1093 2291 1151 dissipavit.
2335 1093 2429 1137 XL.
2458 1093 2497 1137 2.
2525 1093 2564 1135 3.

1507 1168 1554 1204 ut
1611 1160 1912 1217 abrumperent
1965 1176 2124 1205 cornua
2188 1177 2214 1204 a
2265 1167 2407 1204 cetera
2463 1160 2563 1204 acie.

1509 1225 1730 1270 XXVIII.
1766 1226 1826 1272 14.
1845 1228 1910 1271 20.
1940 1226 2080 1271 media
2106 1226 2218 1272 valle
2246 1227 2364 1273 velut
2386 1228 2566 1284 abrupta

1508 1294 1560 1334 ab
1589 1306 1686 1334 arec
1715 1299 1816 1334 erat.
1848 1293 2062 1339 XXXVI.
2092 1295 2158 1340 24.
2184 1294 2224 1338 8.
2255 1302 2421 1354 pai-mm
2449 1294 2567 1338 velut

1513 1362 1740 1417 abruptam
1769 1376 1794 1401 a
1834 1368 1974 1402 cetero
2002 1362 2160 1420 populo
2190 1369 2373 1405 vestram
2402 1362 2566 1405 fecistis.

1508 1427 1594 1470 III.
1626 1427 1688 1470 19.
1717 1428 1755 1469 9.

1454 1492 1661 1536 Absced
1676 1509 1774 1535 ere.
1804 1494 1836 1536 si
1855 1510 1940 1536 non
1956 1503 2053 1536 ante
2071 1495 2336 1538 abscedimus
2361 1510 2514 1553 quam.
2533 1526 2565 1536 ..

1507 1559 1844 1618 imposuerimus.
1877 1559 1930 1604 V.
1971 1560 2012 1604 4.
2052 1561 2113 1603 10.
2159 1560 2388 1606 obsidionis
2424 1561 2563 1606 taedio

1509 1626 1606 1669 victi
1644 1625 1886 1671 abscedunt.
1928 1626 1981 1670 V.
2010 1627 2076 1670 44.
2105 1627 2144 1671 5.
2183 1627 2287 1672 haec
2321 1628 2475 1673 cohors
2512 1645 2566 1672 ne

1505 1702 1594 1736 tum
1622 1693 1796 1750 quidem
1824 1693 2030 1737 abscedat.
2059 1693 2194 1740 XLV.
2216 1695 2255 1738 6.
2286 1696 2324 1742 7.
2352 1696 2446 1741 sive
2472 1696 2566 1739 abs-

1504 1759 1666 1803 cedant.
1694 1758 1935 1803 XXXVII.
1966 1762 2029 1804 15.
2058 1762 2097 1805 2.
2140 1771 2185 1806 ut
2213 1771 2447 1821 parumper
2474 1762 2565 1805 abs-

1504 1826 1714 1870 cederent.
1744 1825 2010 1871 XXXVIII.
2043 1829 2108 1871 29.
2127 1829 2166 1872 8.
2195 1830 2445 1873 abscessere.
2463 1826 2564 1871 vu.
2628 1880 2631 1883 Ι

1505 1894 1543 1936 7.
1570 1894 1609 1936 2.
1639 1893 1818 1939 XXXI.
1838 1894 1904 1938 45.
1925 1894 1964 1937 9.
1994 1894 2180 1938 contenti
2208 1895 2380 1939 victoria
2405 1894 2565 1938 abacos·

1504 1966 1660 2002 serunt.
1732 1959 1929 2003 XXXII.
1995 1962 2056 2005 13.
2117 1962 2183 2006 12.
2265 1962 2565 2006 abscesserunt.

1504 2025 1767 2069 XXXVIII.
1795 2026 1833 2068 6.
1849 2027 1889 2068 4.
1917 2027 2011 2072 XL.
2045 2028 2107 2073 16.
2137 2028 2178 2074 8.
2207 2027 2446 2071 Antiochus
2472 2027 2563 2069 abs-

1504 2100 1696 2138 cesserat.
1746 2092 1885 2136 XLV.
1922 2095 1984 2135 11.
2031 2096 2067 2136 l.
2124 2096 2408 2139 abscesserant
2447 2101 2564 2135 metu

1466 2198 1471 2203 .
1505 2160 1656 2203 hostes.
1674 2160 1800 2206 XXI.
1816 2160 1884 2204 26.
1897 2160 1936 2205 2.
1966 2160 1999 2202 si
2017 2160 2275 2219 praesidium
2287 2159 2560 2205 abscessisset.

1505 2222 1678 2271 XXIII.
1708 2227 1770 2270 19.
1791 2228 1830 2271 4.
1863 2227 1935 2277 ubi
1963 2228 2234 2270 abscessisset.
2262 2227 2433 2271 XXVI.
2467 2227 2506 2270 7.
2524 2226 2564 2271 6.

1503 2294 1717 2353 extemplo
1764 2301 1837 2336 aut
1877 2294 2139 2337 abscessuros
2175 2301 2248 2338 aut
2276 2292 2493 2338 dedituros
2519 2307 2565 2335 se

1503 2361 1654 2405 hostes.
1682 2361 1824 2407 XXV.
1858 2363 1922 2406 11.
1962 2362 2025 2404 13.
2072 2361 2380 2420 contemplatus
2416 2361 2556 2404 absee-

1503 2427 1651 2472 dentes
1686 2428 1872 2486 (naves).
1901 2427 2142 2482 XXXVII.
2171 2428 2240 2472 24.
2269 2429 2308 2472 6.
2346 2443 2429 2474 nee
2467 2424 2581 2474 ante'

1502 2496 1741 2540 abscessum
1760 2503 1822 2540 est
1835 2511 1964 2553 quam
1976 2502 2189 2540 exuerunt
2197 2495 2374 2541 hostem.
2391 2495 2562 2541 XXIX.

1504 2566 1546 2608 2.
1578 2564 1642 2607 16.
1672 2589 1727 2597 -
1764 2577 1842 2606 nec
1869 2564 1922 2605 ab
1962 2563 2091 2605 arinis
2123 2571 2197 2606 aut
2224 2563 2315 2607 loco
2342 2577 2419 2607 suo
2447 2563 2565 2606 miles

1504 2627 1764 2674 abscedebat.
1793 2628 1962 2673 XXIV.
1981 2630 2050 2676 37.
2078 2631 2117 2672 4.
2147 2645 2201 2673 an
2229 2644 2439 2687 nusquam
2466 2630 2559 2672 abs-

1503 2696 1673 2741 cederet
1715 2697 1768 2740 ab
1805 2697 2020 2743 Romanis.
2063 2696 2279 2742 XXXVI.
2327 2696 2390 2741 12.
2426 2696 2466 2741 6.
2509 2711 2563 2740 ne

1504 2766 1557 2807 ab
1604 2780 1654 2808 eo
1700 2764 1955 2808 abscederet.
1992 2765 2131 2808 XLV.
2178 2765 2246 2811 44.
2290 2765 2353 2808 17.
2404 2771 2562 2821 quanto

1501 2831 1668 2887 longius
1695 2832 1748 2873 ab
1786 2832 1889 2874 urbe
1917 2831 2205 2875 abscederent.
2244 2830 2328 2874 III.
2357 2831 2397 2872 8.
2425 2831 2464 2873 8.
2510 2845 2564 2872 ne

1502 2914 1527 2939 a
1556 2898 1704 2955 Capua
1732 2897 2018 2940 abscederent.
2059 2897 2227 2940 XXVI.
2260 2900 2295 2940 l.
2330 2900 2367 2942 2.
2414 2911 2440 2938 a
2467 2911 2565 2940 con·
2620 2891 2624 2894 ⁵

1501 2964 1591 3007 sule
1620 2965 1806 3007 abscessi.
1837 2963 2077 3007 XXXVII.
2093 2966 2160 3007 53.
2185 2966 2247 3008 18.
2276 2965 2561 3009 aPlacentiae

1503 3030 1716 3074 obsidione
1758 3031 1965 3074 abscessit.
1994 3029 2187 3074 XXVII.
2220 3032 2284 3075 13.
2316 3034 2353 3078 1.
2389 3039 2560 3076 senator

1503 3097 1726 3155 quisquam
1766 3113 1791 3139 a
1819 3105 1966 3141 senatu
1993 3104 2122 3155 atque
2163 3098 2216 3141 ab
2245 3099 2557 3158 magistratibus

1502 3165 1709 3211 abscessit.
1764 3164 1960 3211 XXVII.
1986 3165 2055 3211 50.
2084 3166 2124 3211 4.
2154 3182 2180 3209 a
2210 3167 2429 3211 moenibus
2476 3167 2566 3210 abs-

1499 3233 1629 3275 cessit.
1684 3232 1827 3286 XLII.
1870 3232 1938 3279 56.
1978 3233 2018 3279 4.
2084 3233 2299 3292 quomodo
2344 3234 2452 3277 alter
2513 3235 2566 3276 ab

1499 3299 1738 3343 Hannibale
1792 3300 2066 3347 abscessisset.
2129 3300 2326 3346 XXVII.
2387 3301 2456 3348 47.
2524 3301 2566 3347 5.
