2881 3807
323 183 425 241 quin
465 181 518 224 ad
556 181 635 225 hoc
672 181 938 238 accingeris?
978 181 1198 225 XXVIII.
1235 183 1302 225 4l.
1346 183 1384 225 8.

324 249 376 292 ad
417 247 681 293 consulatum
721 249 897 305 accingi.
939 248 1019 292 IV.
1058 249 1096 290 2.
1130 250 1165 290 7.
1207 248 1384 306 proinde

327 319 368 359 in
414 315 494 357 hoc
536 308 767 357 'discrimen
812 316 1047 372 accingere.
1098 316 1156 359 ΙΙ.
1209 316 1272 357 12.
1319 318 1383 359 10.

320 379 627 438 accingendum
679 382 732 423 ad
789 397 882 424 cam
940 384 1236 439 cogitationem
1281 396 1383 423 esse.

324 449 399 492 v1.
428 448 495 492 35.
527 449 566 491 2.

265 516 530 573 Accipere
549 545 559 556 .
576 550 584 560 .
607 547 617 558 .
638 546 648 555 .

266 582 598 639 Acclamarc.
653 597 800 624 omncs
837 581 1133 625 acclamarunt.
1165 581 1381 627 XXXIV.

316 650 386 696 50.
422 650 463 693 4.
510 664 643 706 quum
686 646 876 705 undique
905 647 1215 693 acclamassent.
1244 647 1381 691 XLV.

319 717 387 762 40.
415 717 454 760 5.
485 716 518 758 si
547 715 730 772 benigne
758 713 1067 758 acclamassent.
1088 714 1225 759 XLV.
1245 716 1312 760 40.
1342 716 1380 759 5.

320 797 453 842 quum
481 781 535 824 ad
563 781 731 839 singula
759 780 1076 834 acclamaretur.
1116 781 1286 825 XXIV.
1316 783 1382 825 37.

318 851 358 892 3.
388 849 547 892 cunctis
575 855 836 890 servatorem
866 848 1223 906 liberatoremque
1252 849 1381 891 accla-

320 916 544 959 mantibus,
574 913 790 957 XXXIV.
820 914 888 956 50.
918 914 956 959 9.

263 981 619 1024 Acclamatio.
687 981 938 1023 erubescere
1007 981 1381 1037 significationibus

316 1048 769 1104 acclamationibusque
850 1047 1141 1092 multitudinis.
1207 1048 1379 1091 XXXI.

325 1116 387 1159 15.
415 1116 453 1160 2.

263 1182 574 1226 Acclarare.
613 1182 734 1238 signa
764 1182 882 1224 nobis
911 1190 1026 1224 ceita
1056 1183 1331 1224 acclarassis
1319 1201 1380 1224 1n-

315 1256 381 1292 ter
408 1265 480 1293 eos
508 1249 633 1305 fines,
676 1265 784 1308 quos
824 1248 916 1291 feci.
949 1249 982 1292 I.
1020 1250 1081 1294 18
1113 1250 1149 1292 9.
1181 1255 1240 1308 (q.
1270 1250 1295 1292 l.
1326 1252 1378 1297 c.f

316 1316 438 1371 Intt)

1391 51 1454 99 18

1511 182 1749 238 (subnisos).
1778 180 1897 228 XLI.
1930 181 1991 225 19.
2023 182 2060 223 7.
2090 180 2253 225 levibus
2285 180 2404 225 bellis
2429 181 2565 226 Thra-

1511 265 1608 292 cum
1645 249 1895 293 accolarum.
1922 247 2067 294 XLII.
2103 247 2171 291 52.
2210 248 2248 291 2.
2295 247 2563 306 plusquam

1511 324 1649 359 tutum
1693 324 1799 359 esset
1837 315 1984 357 accolis
2012 328 2102 357 rem
2132 329 2334 358 crescere.
2380 313 2417 357 1.
2445 315 2485 358 2.
2523 317 2563 359 3.

1511 391 1557 423 ut
1585 382 1846 440 praedonum
1885 381 2033 423 accolis
2069 382 2229 440 species
2270 388 2387 424 esset.
2417 381 2562 427 XXV.

1511 451 1548 490 9.
1564 452 1604 492 3.
1634 451 1809 507 piscium
1839 448 1986 491 accolis
2010 448 2228 504 ingentem
2256 448 2341 490 vim
2373 450 2561 506 praebet.

1511 514 1775 558 XXXVIII.
1796 515 1856 559 18.
1878 515 1915 557 8.
1946 530 2077 557 novos
2106 514 2265 557 accolas
2295 514 2442 558 Gallos
2461 531 2562 558 esse.

1511 581 1563 624 V.
1597 583 1658 623 17.
1700 583 1739 626 8.
1784 582 1941 625 accolas
1981 581 2058 624 sibi
2104 580 2282 638 quisque
2331 583 2564 639 adiungere

1511 657 1595 691 tam
1638 648 1837 693 efferatae
1865 648 2003 705 gentis
2032 647 2222 691 homines
2264 647 2476 694 horrebat.
2506 648 2562 693 X.

1512 715 1574 761 10.
1615 716 1677 759 11.
1717 714 1874 759 habere
1922 714 2079 758 accolas
2117 713 2274 760 Gallos
2320 714 2375 758 X.
2422 716 2487 761 16.
2525 716 2562 759 6.

1508 789 1671 825 ceteros
1708 781 1869 825 accolas
1912 781 2086 840 perlicit.
2117 780 2241 826 XXI.
2282 783 2349 827 26.
2379 783 2415 828 7.
2461 782 2559 826 Phi-

1509 849 1673 906 lippum
1703 849 1761 890 eis
1791 849 2096 892 etMacedonas
2113 863 2267 905 graves
2285 849 2445 892 accolas
2461 863 2562 892 esse.

1510 915 1678 957 XXVI.
1708 916 1776 958 24.
1807 915 1845 956 5.
1882 915 2094 973 Hispanos
2121 915 2364 973 accolasque
2392 930 2563 974 compu-

1508 981 1567 1022 lit.
1598 980 1813 1024 XXXIV.
1848 984 1905 1026 16.
1938 984 1976 1027 4.
2019 982 2155 1024 nullos
2191 982 2351 1024 accolas
2394 982 2563 1025 habere.

1507 1049 1745 1091 XXXVII.
1797 1049 1864 1090 53.
1905 1050 1971 1090 25.
2028 1050 2101 1107 qui
2143 1050 2360 1106 graviores
2405 1049 2564 1091 accolas

1508 1118 1731 1159 habuisset.
1775 1115 1896 1161 XLI.
1937 1118 2002 1159 23.
2047 1119 2126 1160 12.,
2159 1132 2310 1173 agrum
2351 1132 2472 1159 suurn
2510 1118 2562 1159 ab

1507 1183 1657 1225 accolis
1685 1182 1820 1225 Gallis
1848 1182 2050 1225 incursari
2082 1200 2128 1224 ac
2159 1184 2321 1227 vastari.
2342 1182 2562 1226 XXVIII.

1510 1254 1573 1296 ll.
1607 1251 1669 1293 10.
1700 1249 1828 1293 traxit
1857 1248 2120 1307 aliquantum
2149 1250 2201 1292 ab
2229 1250 2376 1293 accolis
2404 1251 2562 1293 animo-

1506 1333 1614 1361 rum.
1647 1316 1911 1359 XXXVIII.
1946 1317 2007 1357 17.
2032 1319 2092 1360 ’12

260 1383 566 1426 Acclinare.
625 1390 761 1425 castra
811 1383 972 1425 tumulo
1030 1391 1126 1425 sunt
1164 1383 1376 1428 acclinata.
1451 1384 1728 1426 Accolere.
1769 1384 1842 1441 qui
1870 1382 2057 1425 Tiberim
2088 1383 2293 1426 accolunt.
2323 1383 2400 1425 lv.
2427 1384 2493 1427 52.
2523 1385 2561 1425 5.

315 1448 479 1491 XLIV.
509 1451 546 1489 3.
577 1450 615 1491 6.
656 1449 771 1490 haud
813 1457 991 1504 gravate
1032 1450 1307 1491 acclinaturos
1334 1464 1378 1490 se

315 1514 368 1557 ad
397 1530 564 1558 causam
592 1522 775 1558 senatus.
806 1514 886 1557 IV.
915 1516 981 1557 48.
1013 1516 1050 1557 9.

259 1580 532 1627 AcclivuS.
589 1588 783 1626 terrenos
820 1588 862 1626 et
890 1581 1053 1640 placide
1098 1581 1276 1626 acclives
1320 1580 1371 1624 ad

315 1647 542 1707 quemdam
556 1648 686 1692 finem
715 1648 842 1692 colles
852 1662 951 1692 esse.
970 1647 1232 1692 XXXVIII.
1250 1648 1317 1692 20.
1333 1650 1372 1694 4.

261 1715 479 1759 Accola.
512 1723 656 1775 pastor
684 1715 825 1758 accola
853 1716 941 1758 eius
968 1716 1059 1760 loci.
1091 1716 1125 1761 I.
1159 1718 1196 1758 7.
1225 1717 1264 1760 4.
1296 1716 1374 1758 Ca-

314 1789 490 1841 penates
524 1782 655 1841 aliqui
692 1782 858 1825 accolae
897 1783 986 1825 eius
1026 1791 1157 1826 erant.
1206 1783 1375 1826 XXVI.

1505 1453 1577 1508 qui
1608 1449 1884 1507 Campaniam
1911 1449 2024 1501 circa
2052 1449 2255 1492 accolunt.
2299 1448 2467 1494 XXVI.
2500 1451 2562 1491 16.

1509 1519 1569 1560 12.
1611 1531 1719 1573 quae
1757 1514 2046 1558 Macedoniam
2084 1515 2286 1558 accolunt.
2344 1514 2561 1572 XXXIX,

1499 1585 1565 1631 46.
1596 1583 1618 1627 7
1672 1582 1833 1641 (maris)
1875 1580 1987 1639 quod
2033 1580 2240 1627 accolunt.
2271 1580 2396 1626 VlII.
2428 1583 2493 1629 22.
2524 1584 2561 1627 6.

1502 1651 1573 1709 qui
1604 1649 1801 1693 accolunt
1830 1649 1953 1690 viam.
1983 1648 2208 1692 XXVIII.
2242 1649 2305 1693 13.
2322 1650 2358 1691 4.
2383 1648 2564 1693 Graecis

1504 1716 1793 1761 Macedoniam
1834 1715 2022 1757 accolcnt
2040 1716 2116 1757 bus
2153 1725 2289 1758 metus
2333 1718 2560 1764 minuatur.

1482 1768 1719 1827 xxxix.
1751 1785 1816 1828 25.
1851 1784 1912 1827 12.

321 1851 384 1891 Il.
400 1850 439 1892 9.
471 1850 676 1892 iunxisset
702 1849 779 1890 sibi
797 1848 945 1892 Gallos
972 1851 1132 1892 accolas
1161 1851 1288 1905 Padi,
1319 1851 1376 1894 ni.
1448 1852 1594 1893 Acco
1610 1866 1649 1892 m
1663 1866 1738 1892 mo
1755 1850 1850 1891 (lar
1864 1865 1900 1895 e.
1944 1864 2038 1891 suos.
2069 1865 2207 1891 mores
2240 1850 2292 1891 ad
2323 1866 2372 1892 ea
2402 1866 2557 1894 accom-

314 1915 441 1963 XXI.
470 1917 538 1963 39.
570 1917 610 1959 5.
651 1923 696 1959 ut
734 1917 895 1960 accolas
923 1917 1085 1975 Illyrici
1124 1926 1375 1960 tutarentur.

312 1982 481 2027 XLIII.
517 1985 555 2029 9.
589 1984 627 2025 6.
656 1985 807 2026 missus
835 1984 887 2025 ad
925 1984 1085 2026 accolas
1112 1985 1213 2026 Istri
1243 1986 1376 2026 flumi-

310 2051 375 2092 nis
402 2051 616 2093 barbaros.
647 2049 866 2095 XXXIX.
896 2052 963 2095 34.
994 2052 1034 2095 4.
1066 2052 1232 2093 tertiam
1263 2051 1378 2108 (par-

314 2125 400 2160 tem
428 2118 544 2173 fecit)
574 2117 734 2161 accolas
765 2132 927 2162 eorum.
963 2117 1102 2161 XLV.
1133 2118 1200 2164 26.
1234 2121 1296 2164 15.
1326 2142 1380 2148 —-

314 2182 558 2241 (absolute).
614 2184 764 2243 gravis

311 2384 400 2428 ausi
429 2384 525 2432 sint.
555 2385 591 2430 I.
621 2386 660 2431 3.
690 2386 730 2433 4
764 2384 975 2430 Numidae
1006 2384 1233 2443 Maurique
1263 2398 1379 2429 acco-

827 2185 968 2228 accola
1022 2185 1217 2228 omnibus
1275 2192 1379 2229 erat.

314 2250 533 2298 XXXIX.
550 2251 675 2299 46.8.
706 2251 890 2296 accolam
920 2251 1204 2310 potentiorem
1232 2266 1382 2308 regem

320 2316 510 2365 credens.
542 2316 735 2363 XXXV.
758 2319 820 2363 13.
841 2319 879 2365 7.
910 2325 983 2362 aut
1011 2317 1085 2361 ulli
1124 2316 1191 2360 alii
1220 2316 1384 2361 accolae

1505 1918 1712 1960 modabat.
1744 1917 1837 1960 III.
1855 1918 1921 1960 20.
1943 1918 1982 1959 5.
2014 1916 2067 1957 ad
2096 1917 2199 1957 haec
2227 1917 2397 1959 consilia
2424 1927 2565 1960 nostra

1504 1984 1820 2026 accommodare
1863 1992 2040 2040 oportet.
2073 1983 2190 2025 XLI.
2229 1985 2294 2024 24.
2324 1985 2363 2028 5.
2403 2001 2563 2026 accom-

1507 2050 1681 2094 modare
1721 2051 1846 2098 rebus
1876 2051 2016 2092 verba.
2049 2050 2176 2093 VIII.
2206 2052 2243 2091 4.
2275 2052 2314 2094 4.
2359 2065 2470 2107 quae
2497 2067 2563 2093 ac-

1506 2117 1771 2161 commodata
1810 2132 1944 2173 regno
1980 2132 2055 2159 suo
2084 2117 2176 2159 sint.
2224 2116 2466 2163 XXXVII.
2496 2119 2560 2161 52.

1512 2188 1574 2229 10.
1605 2185 1713 2242 ipsas
1749 2184 1863 2241 leges
1893 2184 2004 2242 pacis
2034 2192 2079 2227 ut
2112 2184 2444 2227 accommodatas
2471 2186 2561 2227 An-

1510 2251 1648 2295 tiocho
1688 2259 1898 2308 suspectas
1934 2250 2071 2296 fuisse.
2112 2248 2378 2294 XXXVIII.
2416 2251 2483 2296 59.
2526 2254 2560 2295 1.

1512 2316 1728 2361 mendacio
1757 2316 1963 2375 probabili
2005 2315 2316 2361 accommodata
2341 2315 2436 2361 fide.
2466 2317 2559 2361 XL.

1511 2384 1643 2431 298.

311 2450 391 2500 lae
436 2451 564 2500 XXI.
608 2453 676 2500 22.
726 2453 765 2496 3.
814 2451 953 2496 locum
1003 2452 1381 2525 frequentaverant
1453 2453 1799 2497 Aeeresceime
1839 2464 1970 2510 quum
2011 2464 2119 2494 vana
2157 2456 2414 2495 accresceret
2442 2450 2560 2497 fides

318 2520 496 2563 accolae.
526 2521 581 2563 ib.
611 2521 678 2562 57.
715 2521 774 2562 10.
822 2519 962 2577 reguli
999 2533 1047 2560 ac
1076 2518 1289 2577 principes
1316 2531 1380 2557 ac·-

309 2587 438 2629 colae.
468 2587 642 2631 XXXI.
667 2587 736 2632 28.
770 2589 804 2628 1.
834 2587 1001 2628 accolae
1028 2586 1209 2629 barbari.
1239 2584 1378 2626 XLV.

309 2655 375 2699 30.
408 2656 444 2696 7.
492 2655 591 2696 inde
628 2654 682 2696 ad
719 2655 896 2713 planum
943 2653 1191 2695 descensum
1223 2660 1264 2693 et
1295 2652 1377 2691 iam

309 2722 410 2763 locis
430 2721 691 2764 mollioribus
721 2731 762 2763 et
778 2721 1016 2763 accolarum
1036 2720 1229 2776 ingeniis.
1250 2718 1377 2762 XXI.

311 2790 378 2832 37.
440 2789 481 2833 6.
547 2788 832 2832 clementibus
890 2786 1126 2830 accolarum
1185 2785 1378 2842 ingeniis.

310 2855 576 2908 XXXVIII.
602 2857 663 2899 17.
684 2856 746 2900 17.
777 2856 1030 2897 exercitatus
1058 2856 1168 2895 circa
1189 2853 1377 2894 omnium

740 2920 956 2965 XXXVI.
981 2922 1042 2963 17.
1073 2921 1111 2961 6.
1142 2918 1281 2962 taedio
1313 2935 1377 2960 ac-

309 2922 547 2966 accolarum
577 2921 709 2967 bellis.

307 2988 497 3032 celarum
542 2987 779 3033 Gallorum.
820 2987 1062 3032 XXXVII.
1104 2987 1170 3029 46.
1205 2986 1267 3028 10.
1316 2984 1376 3027 in-

310 3062 480 3112 tegrum
511 3072 535 3099 a
569 3055 821 3112 contagione
851 3053 1105 3099 accolarum.
1137 3053 1190 3095 ib.
1222 3051 1373 3096 5122.

308 3130 473 3167 tantum
529 3122 726 3180 contagio
786 3122 915 3166 moris
964 3121 1203 3164 accolarum
1252 3120 1373 3162 valet.

307 3190 574 3236 XXXVIII.
636 3191 701 3235 17.
761 3190 822 3236 18.
902 3190 1142 3235 accolarum
1200 3189 1366 3232 auxiliis

1507 2519 1698 2564 lff542.

1453 2589 1525 2627 Ac
1539 2587 1630 2627 cub
1645 2600 1741 2627 are.
1773 2586 1947 2661 legulus
1976 2586 2187 2626 accubans
2216 2586 2379 2643 epulari
2409 2588 2560 2644 coepit.

1507 2654 1586 2694 XI
1592 2654 1625 2695 Ι.
1644 2656 1681 2695 2.
1714 2655 1773 2696 12.
1804 2653 1843 2693 in
1837 2654 1915 2693 ›fra
1944 2667 2042 2694 eum
2070 2653 2340 2694 accubantem
2372 2667 2559 2710 negasse.

1505 2720 1719 2762 XXXIX.
1737 2721 1804 2762 43.
1839 2722 1876 2761 3.
1908 2719 2065 2776 epulati
2093 2725 2190 2760 sunt
2217 2718 2284 2760 alii
2314 2720 2563 2761 accubantes

1503 2788 1571 2829 alii
1601 2797 1768 2830 stantes.
1799 2785 1968 2829 XXIV
2003 2786 2066 2829 16.
2095 2786 2134 2829 8.
2179 2786 2383 2828 invenere
2411 2786 2561 2828 milites

1504 2856 1622 2898 humi
1650 2855 1844 2897 sedentes
1880 2854 2225 2909 accubantesque.
2256 2853 2402 2897 XXV.
2426 2853 2492 2894 39.
2521 2854 2558 2894 8.

1450 2924 1804 2965 Accumbere.
1846 2919 2087 2963 Hasdrubal
2117 2937 2213 2962 cum
2261 2936 2310 2962 eo
2339 2920 2381 2962 in
2411 2919 2559 2962 eodem

1504 2989 1611 3032 lecto
1640 2987 1844 3031 accubuit.
1884 2986 1963 3042 Ep.
1994 2985 2213 3032 XXVIII.
2260 2985 2407 3029 codem
2453 2985 2559 3027 lecto

1501 3056 1800 3100 accubuerunt.
1840 3054 1893 3100 ib.
1935 3053 1999 3099 18.
2038 3053 2078 3096 5.
2120 3053 2174 3096 ibi
2220 3052 2454 3096 nuntiatum
2501 3059 2560 3094 est

1501 3123 1749 3166 accumbere
1770 3137 1867 3165 cum
1889 3121 2137 3180 epularique
2154 3121 2322 3163 iussum.
2345 3117 2558 3163 XXXVI.

1500 3192 1566 3235 29.
1600 3191 1635 3232 7.
