2881 3807
320 260 419 291 rare
446 246 506 292 iis.
539 246 642 294 VII.
668 245 737 295 25.
764 246 806 292 5.
849 258 997 306 quum
1016 248 1130 294 haud
1157 249 1376 295 absisteret

311 312 481 374 petere.
508 311 708 359 XXXII.
732 312 803 362 35.
831 314 870 362 6.
911 326 967 359 ne
1000 315 1177 374 ingratis
1204 316 1374 376 quidem

320 379 572 445 benefacere
631 371 840 428 absistam.
885 377 1101 428 XXXVI.
1134 383 1201 428 35.
1237 383 1276 427 4.
1326 410 1373 418 -

321 453 454 506 quum
481 447 541 493 ab
554 446 825 497 obsidione..
847 448 1125 495 .absisteret.
1140 448 1220 509 Ep.
1237 448 1373 495 XLV.

323 513 499 575 [Errant
526 514 662 574 igitus
677 516 753 576 qui
781 483 1047 575 absistere
1075 531 1172 561 cum
1199 534 1224 563 a
1255 531 1373 578 prae-

319 581 545 642 positione
574 583 764 627 iunctum
818 569 1019 627 translata
1072 584 1373 642 significatione

316 649 510 715 primum
552 649 597 691 in
641 646 746 694 Cod
781 650 946 694 Theod.
998 652 1037 695 3.
1065 651 1106 695 5.
1135 651 1174 693 6.
1208 654 1242 697 l.
1289 652 1376 709 legi

321 723 493 774 putant,
535 726 593 760 ut.
623 717 764 760 Klotz.
805 719 850 759 in
878 718 985 762 Lex.
1024 718 1126 775 ling.
1163 718 1235 759 lat.
1264 733 1373 759 man.

319 779 552 826 Praeterea
597 784 990 828 commemorandus
1019 792 1081 826 est
1126 785 1243 826 loeus
1282 784 1374 826 Liv.

319 846 732 906 XXV11.45.11.‚
775 849 847 893 ubi
884 848 1030 906 optimi
1058 848 1177 895 codd.
1220 848 1376 892 habent

321 915 383 959 ab
426 915 599 973 signis
640 914 940 960 subsistere
983 923 1055 960 aut
1101 917 1205 959 abs.
1282 931 1375 960 nee

319 984 452 1030 subs.
479 991 526 1026 et
552 982 689 1028 Gron.
719 998 772 1027 ex
803 982 1004 1028 ansMB
1033 983 1090 1028 G
1121 983 1173 1024 V
1207 986 1240 1028 1.
1269 986 1306 1038 ἓ.
1335 986 1372 1027 2

321 1050 564 1095 emendavit
591 1051 656 1094 ab
691 1050 869 1108 signis
904 1049 1209 1110 absistere]

265 1119 375 1161 Abs
387 1118 587 1161 olvere
617 1118 710 1176 de
699 1118 748 1160 iis
772 1132 918 1160 curam
932 1131 1059 1175 quam
1089 1118 1275 1176 primum
1305 1120 1373 1159 ab·

319 1186 439 1230 solvi.
469 1175 598 1231 VIII.
635 1173 695 1232 13.
727 1188 791 1233 17.
821 1212 876 1220 -
915 1186 1088 1230 absolvo
1125 1185 1373 1229 beneficium

319 1261 441 1298 tuum
470 1254 641 1312 (exple)
669 1255 732 1302 ΙΙ.
759 1256 799 1302 2
829 1257 868 1299 7.
906 1253 1063 1298 absolvi
1101 1265 1221 1310 posse
1259 1252 1374 1296 velut

317 1335 472 1379 corpus
486 1320 620 1366 omnis
631 1320 852 1366 Romani
840 1321 954 1367 iuris.
983 1320 1151 1366 111..34.
1172 1320 1207 1366 7.
1240 1319 1372 1377 Amy-

318 1386 482 1433 nander
510 1388 651 1447 paucis
665 1386 915 1446 sententiam·
928 1386 1124 1434 absolvit.
1154 1386 1371 1432 XXXIII.

323 1448 386 1501 12.
413 1457 452 1502 2.
468 1450 536 1487 *-
562 1469 607 1500 se
623 1455 842 1501 absolvere
858 1469 944 1500 non
961 1455 1163 1500 rebantur
1192 1468 1243 1500 ex
1264 1455 1372 1512 lege.

284 1568 290 1573 .
321 1521 357 1564 Ι.
397 1522 464 1565 26.
494 1523 531 1565 7.
569 1523 604 1565 si
639 1518 906 1566 innocentem
946 1521 1165 1564 absolvere
1202 1520 1371 1564 nollent.

324 1588 384 1631 ΙΙ.
415 1589 482 1634 35.
500 1590 539 1632 5.
569 1589 788 1632 absolvere
817 1603 916 1632 eum
944 1602 1190 1648 nontposse.
1224 1587 1277 1632 V.
1306 1589 1371 1630 32.

319 1655 359 1695 8.
389 1655 599 1709 Quintum
634 1670 780 1698 omnes
820 1657 954 1697 tribus
982 1655 1264 1696 absolverunt.
1294 1655 1372 1695 IV.

375 1723 482 1767 1.1.
494 1716 740 1767 ‘hominem
775 1723 958 1765 absolve.
987 1721 1201 1763 XXXIV.
1240 1723 1278 1762 4.
1306 1724 1372 1763 20.

316 1723 467 1845 primi
490 1789 781 1837 absolvuntur.
828 1788 911 1834 IX.
954 1789 1020 1831 26.
1058 1788 1124 1833 20.
1173 1787 1374 1831 Horatius

323 1855 549 1920 absolutus.
598 1857 681 1918 Ep.
718 1857 756 1903 I.
799 1872 964 1900 eausam
995 1855 1099 1898 dixit
1143 1854 1372 1897 absolutus-

319 1938 404 1981 que
430 1932 505 1969 est.
535 1924 616 1966 IX.
645 1926 712 1968 26.
740 1926 809 1968 21.
854 1923 1066 1965 absolutus
1101 1930 1173 1965 est.
1202 1921 1370 1965 XLIII.

318 1993 359 2037 2.
387 1991 427 2037 6.
456 1990 538 2048 Ep.
569 1991 649 2034 XI.
677 1991 759 2049 Ep.
786 1990 928 2034 LXX.
967 1990 1049 2047 Ep.
1093 1989 1216 2034 0111.
1257 1991 1372 2033 abso-

316 2056 407 2101 luto
442 2056 646 2107 Claudio.
685 2056 854 2101 XLIII.
899 2057 961 2101 16.
1012 2058 1074 2101 16.
1118 2057 1371 2115 ampliatam,

318 2121 471 2168 deinde
499 2123 733 2168 absolutam
769 2123 870 2169 iocis
897 2123 1108 2167 abstinere
1135 2123 1264 2167 iussit.
1292 2123 1372 2167 IV.

317 2191 387 2239 44.
418 2190 497 2238 12.Α
529 2191 690 2236 scribae
735 2190 913 2236 absoluti
952 2199 1061 2235 sunt.
1108 2189 1372 2236 XXXVIII.

257 2260 260 2265 “
317 2259 385 2301 55.
414 2261 454 2302 5.
483 2283 537 2291 -
564 2259 717 2315 (leges)
747 2273 857 2316 quae
887 2259 1121 2316 suspicione
1155 2252 1372 2301 cons'ulem

322 2326 606 2369 absolverent.
636 2325 696 2368 II.
725 2326 765 2370 8.
796 2327 833 2370 1.
865 2326 941 2368 etsi
977 2333 1147 2382 peccato
1188 2325 1371 2367 absolvo.

320 2394 357 2440 I.
371 2392 440 2436 58.
457 2393 519 2436 10.
550 2390 666 2450 quod
683 2406 783 2436 eum
799 2392 974 2435 crimine
989 2398 1201 2450 stupratae
1230 2392 1373 2434 matris

323 2459 502 2503 familias
546 2459 801 2503 absolvisset.
830 2459 958 2503 VIII.
987 2459 1052 2504 22.
1080 2461 1120 2504 3.
1148 2484 1203 2490 —
1239 2459 1371 2502 absol-

318 2534 485 2572 verunt.
513 2527 682 2583 (absol.)
729 2527 767 2572 Ῑ.
809 2528 876 2572 26.
921 2529 986 2572 12.
1030 2525 1198 2585 [XXII.
1236 2526 1301 2569 61.
1330 2527 1370 2571 4.

317 2593 460 2640 Gebh.
490 2609 719 2653 perperam
749 2610 804 2639 ex
831 2594 922 2638 Pal.
941 2595 981 2638 3.
1011 2594 1097 2651 legi
1112 2593 1203 2636 vult
1231 2592 1373 2651 quod

316 2660 679 2706 iureiurando
753 2677 809 2707 se
879 2660 1227 2714 absolvisset,
1293 2675 1372 2717 pro

317 2726 660 2783 exsolvisset,
691 2743 801 2786 quae
828 2726 1085 2786 optimOrum
1121 2725 1239 2773 codd.
1273 2727 1372 2769 scri-

315 2800 447 2854 ptura
476 2793 566 2855 est]

1407 121 1474 166 :11

1500 253 1567 296 28.
1607 255 1668 299 12.
1710 256 1937 300 absterruit
1977 257 2105 301 effuse
2147 258 2420 303 invehentem
2462 276 2552 304 sese

1501 320 1675 365 hostem.
1722 322 1867 368 XXX.
1907 326 1972 369 ll.
2000 324 2039 368 9.
2083 325 2172 382 ipsa
2210 327 2433 372 solitudine
2460 329 2552 371 abs-

1502 387 1650 434 territi.
1681 387 1731 432 V.
1760 390 1826 435 41.
1857 390 1895 435 6.
1927 389 2041 434 ha'ud
2080 391 2279 436 mediocri
2311 393 2432 438 clade
2458 394 2550 438 abs-

1502 452 1693 498 territum
1732 455 1915 515 insequi.
1939 455 2134 505 XXVII.
2154 459 2222 506 47.
2243 460 2280 503 7.
2300 486 2354 494 —-
2378 461 2431 504 ab
2445 461 2552 504 urbe

1501 520 1787 579 oppugnanda
1815 525 2083 570 absterruere
2108 526 2284 570 moenia.
2314 525 2490 575 XXIII.
2515 532 2552 574 1.

1504 588 1567 632 lO-
1592 587 1665 645 (ad
1695 604 1734 649 q.
1766 588 1792 653 1.
1822 592 1872 637 cf.
1903 591 2025 647 Intt.)
2055 605 2187 651 quum
2214 594 2452 640 absterrere
2480 607 2553 641 eos

1481 670 1525 696 .a
1553 662 1639 697 tam
1657 656 1898 701 detestabili
1940 659 2112 703 consilio
2155 659 2326 704 vellent.
2357 661 2551 706 XXVII.

1500 722 1566 832 {5
1567 722 1605 763 8.
1635 724 1908 767 absterrendo
1935 727 2123 785 singulos
2146 741 2176 769 a
2193 728 2458 773 coitionibus.
2490 729 2551 772 ΙΙ.

1595 791 1636 833 4.

1446 854 1490 895 Α
1499 854 1526 895 b
1537 854 1604 895 sti
1613 872 1639 896 n
1651 871 1674 897 e
1685 873 1711 896 n
1722 873 1753 901 s
1810 858 2206 902 abstinentissimum
2258 862 2396 902 virum
2451 864 2552 919 egit.

1501 919 1583 978 Ep
1614 921 1712 966 LII

1446 987 1810 1035 Abstinentia.
1864 997 1979 1032 tanta
2030 992 2118 1033 eius
2166 974 2415 1036 abstinentia
2458 993 2551 1049 fuit,

1501 1061 1547 1096 ut
1574 1054 1646 1096 vix
1675 1071 1729 1098 ex
1756 1057 1947 1099 auctione
1962 1056 2177 1101 redactum
2196 1059 2258 1105 sit.
2288 1058 2370 1118 Ep.
2387 1059 2551 1107 XLVI.

1445 1123 1488 1162 A
1497 1122 1523 1162 b
1532 1136 1553 1162 s
1562 1122 1637 1162 tin
1649 1137 1671 1164 e
1682 1138 1703 1163 r
1713 1138 1748 1164 c.
1794 1124 2052 1166 abstinerent
2094 1140 2254 1167 manue.
2284 1126 2453 1169 XXIX.
2487 1129 2550 1169 18.

1498 1188 1536 1233 6.
1581 1203 1667 1231 non
1695 1190 1845 1233 milites
1873 1191 2161 1235 abstinuissem
2190 1207 2318 1236 meos.
2360 1193 2455 1237 XL.
2487 1195 2549 1237 14.

1497 1256 1536 1297 4.
1557 1280 1607 1288 -
1624 1271 1657 1299 a,
1676 1265 1818 1300 cetera
1845 1257 2002 1314 praeda
2032 1258 2207 1302 militem
2231 1260 2441 1303 abstinuit.
2471 1260 2549 1303 IV.

1492 1323 1563 1387 59.
1581 1324 1619 1368 8.
1649 1324 1732 1381 (ad.
1763 1340 1802 1382 q.
1827 1322 1853 1366 l.
1870 1323 1952 1368 vid.
1972 1323 2091 1379 Intt)
2119 1326 2172 1370 ab
2189 1325 2295 1370 aede
2309 1326 2549 1371 abstinuere
2603 1314 2610 1324 ί

1498 1392 1655 1448 ignem.
1687 1389 1788 1438 VII.
1816 1391 1882 1437 27.
1918 1390 1957 1436 8.
2003 1400 2048 1436 ut
2092 1391 2249 1437 bellum
2289 1392 2341 1437 ab
2379 1392 2551 1438 innoxio

1500 1457 1658 1517 populo
1687 1458 1903 1504 abstineat.
1933 1458 2059 1504 VIII.
2079 1460 2144 1506 19.
2166 1461 2205 1505 2.
2234 1459 2288 1505 ab
2316 1459 2438 1504 sociis
2464 1459 2550 1504 suis

1498 1538 1584 1568 non
1622 1524 1849 1567 abstineret
1890 1525 2094 1568 iniuriam.
2136 1525 2282 1572 XLII.
2325 1526 2393 1571 26.
2422 1526 2462 1571 6.
2508 1534 2555 1569 ut

1497 1592 1570 1633 vix
1610 1592 1662 1634 ab
1692 1592 1739 1632 iis
1767 1592 2023 1636 abstinerent
2051 1607 2209 1639 manue.
2237 1593 2320 1637 IX.
2348 1594 2391 1638 5.
2413 1593 2453 1636 6.
2482 1592 2552 1650 (ad

1498 1673 1538 1717 q,
1555 1658 1583 1701 1.
1602 1658 1684 1697 vid.
1706 1658 1824 1707 Intt.)
1847 1658 1996 1699 domus
2015 1660 2066 1699 ab
2087 1659 2319 1701 defectione
2340 1660 2551 1704 abstinuit.

1502 1725 1722 1769 XXXIII.
1767 1727 1835 1768 30.
1876 1728 1937 1768 10.
1986 1728 2021 1766 si
2062 1727 2284 1784 Philippus
2329 1743 2449 1769 arma
2499 1732 2552 1770 ab

1498 1791 1698 1835 Romanis
1737 1792 2008 1835 abstinuisset.
2064 1792 2226 1836 XXVI.
2277 1793 2343 1835 24.
2389 1797 2454 1839 12.
2501 1819 2551 1828 -

1497 1867 1680 1907 mentem
1712 1875 1736 1900 a
1764 1858 1981 1901 fraudibus
2009 1860 2311 1905 abstinuissent.
2334 1860 2550 1906 XXXIX.

1501 1927 1562 1967 16.
1594 1929 1629 1969 1.
1660 1927 1711 1966 ab
1742 1940 1826 1967 uuo
1855 1926 1971 1967 ferro
1999 1926 2209 1970 abstineri.
2240 1926 2391 1968 XXII.
2413 1930 2483 1973 23.
2511 1933 2551 1975 4,

1497 2017 1551 2023 —
1579 1992 1815 2049 direptione
1857 1992 2102 2049 praedaque
2144 1993 2321 2036 abstinet
2360 1996 2551 2038 militem.

1499 2057 1762 2103 XXXVIII.
1805 2059 1872 2103 23.
1911 2059 1951 2103 2.
1991 2057 2063 2113 (ad
2091 2059 2188 2116 qul.
2217 2060 2268 2102 ef.
2309 2060 2461 2117 Drak.)
2504 2073 2551 2106 ut

1501 2140 1648 2169 eorum
1689 2124 1841 2169 finibus
1879 2125 1966 2168 vim
2004 2126 2274 2170 abstinerent.
2312 2127 2441 2173 VIII.
2488 2131 2549 2172 19.

1499 2192 1539 2237 3.
1581 2191 1774 2236 Romano
1822 2191 1933 2236 bello
1976 2192 2147 2247 fortuna
2197 2208 2293 2237 eum
2338 2195 2548 2240 abstinuit.

1498 2259 1627 2304 VIII.
1671 2260 1737 2303 24.
1769 2260 1807 2301 5.
1849 2260 2079 2303 abstineret
2120 2260 2272 2303 liberas
2315 2276 2547 2321 omnesque

1497 2325 1682 2370 Graecas
1706 2327 1845 2369 urbes.
1868 2326 2087 2370 XXXIII.
2107 2328 2172 2372 34.
2192 2329 2231 2372 3.
2253 2352 2300 2359 —-—
2332 2336 2550 2372 matronae

1496 2393 1569 2434 vix
1595 2393 1690 2436 foro
1715 2407 1759 2434 se
1788 2400 1831 2436 et
1856 2394 2055 2437 concione
2083 2395 2302 2440 abstinent.
2333 2395 2547 2441 XXXIV.

1494 2462 1534 2504 3.
1562 2459 1602 2505 6.
1638 2474 1684 2502 se
1711 2461 1764 2502 ab
1793 2460 1858 2501 his
1884 2461 2125 2507 abstineret.
2148 2461 2362 2504 XXXIV.
2389 2463 2455 2508 35.
2487 2465 2548 2506 10.

1497 2543 1630 2585 quum
1659 2541 1850 2570 censores
1878 2542 1923 2570 se
1959 2527 2042 2570 iam
2068 2528 2339 2572 locationibus
2368 2530 2545 2573 abstine-

1496 2601 1592 2637 rent
1633 2593 1813 2636 aedium.
1854 2593 2024 2638 XXIV.
2070 2595 2131 2639 18.
2178 2596 2241 2641 10.
2284 2596 2550 2643 concionibus

1496 2675 1541 2704 se
1559 2661 1768 2704 abstinuit.
1783 2660 1935 2706 XXII.
1950 2661 2015 2704 25.
2033 2662 2094 2704 12.
2112 2677 2157 2705 se
2174 2662 2300 2705 armis
2313 2661 2550 2706 abstinuere

1502 2727 1625 2773 VIII.
1668 2730 1707 2773 2.
1750 2731 1787 2772 7.
1832 2735 1959 2786 portu
1994 2743 2039 2771 se
2081 2728 2382 2792 abstinuerunt.
2421 2728 2549 2773 XXI.

1495 2794 1561 2837 49.
1582 2796 1620 2840 4.
1651 2822 1705 2828 —-
1733 2795 1903 2841 Coelius
1937 2794 2115 2838 abstinet
2155 2810 2346 2839 numero.
2375 2794 2549 2840 XXIX.

1496 2862 1561 2905 29.
1595 2865 1658 2908 ll.
1702 2878 1835 2920 regno
1866 2861 1997 2905 Attali
2023 2861 2239 2906 abstineat.
2279 2862 2480 2907 XXXII.
2511 2864 2550 2906 8.

1500 2929 1563 2971 16.
1601 2930 1634 2971 si
1671 2945 1755 2973 non
1784 2929 1987 2971 abstineat
2014 2928 2160 2971 Africa
2188 2927 2344 2986 Scipio.
2375 2929 2551 2975 XXIX.

1496 2995 1564 3038 23.
1591 2996 1630 3041 3.
1669 2995 1873 3054 Hispania
1912 2994 2156 3038 abstineant.
2200 2994 2351 3040 XXX.
2390 2996 2455 3040 16.
2487 2997 2552 3040 10.

1496 3061 1852 3106 administratione
1898 3061 2140 3105 abstineant.
2171 3061 2233 3106 II.
2262 3063 2330 3110 54.
2357 3064 2399 3106 4.
2435 3063 2548 3108 bello

1499 3144 1582 3171 non
1609 3129 1879 3171 abstinebant.
1910 3127 2060 3173 X.>31.
2093 3129 2156 3171 13.
2198 3138 2247 3172 ut
2283 3130 2395 3173 bello
2425 3131 2552 3173 absti-

1497 3202 1658 3236 nerent.
1690 3192 1955 3236 XXXVIII.
1974 3193 2043 3237 32.
2066 3195 2107 3237 4.
2136 3194 2281 3239 XLII.
2309 3196 2349 3238 5.
2381 3196 2445 3241 11.
2472 3194 2553 3253 Ep.

1496 3260 1706 3306 XLVIII.
1753 3259 1865 3305 bello
1894 3260 2108 3307 abstinuit.
2138 3261 2176 3309 I.
2207 3262 2271 3306 14.
2299 3262 2338 3311 3.
2367 3260 2550 3321 (Hanni-
2587 3268 2591 3272 ⁴

261 2862 522 2910 Absonus.
551 2862 658 2905 nihil
686 2863 891 2906 absonum
918 2858 1017 2904 fidei
1040 2859 1207 2904 divinae
1241 2859 1369 2918 origi-

315 2929 380 2972 nis
406 2929 499 2973 fuit.
527 2931 565 2974 I.
590 2930 653 2974 15.
683 2931 724 2976 6.
765 2945 844 2973 nee
871 2928 1014 2972 absoni
1044 2943 1069 2969 a
1096 2942 1200 2970 voce
1230 2935 1366 2970 motus

316 3003 450 3042 erant.
485 2995 586 3041 VII.
613 2996 653 3041 2.
680 2997 719 3040 5.
749 2995 820 3056 [ad
847 3012 888 3055 q.
917 2994 944 3037 l.
973 2994 1027 3040 cf.
1055 2991 1176 3051 Intt.]

261 3063 568 3120 Absterger
579 3077 615 3107 e.
645 3064 831 3109 absterso
859 3077 1022 3109 cruore.
1055 3060 1087 3104 Ι.
1117 3060 1184 3105 41.
1212 3061 1254 3106 5.
1282 3060 1372 3102 abs-

313 3137 428 3173 terso
455 3128 635 3186 pulvere
664 3146 711 3174 ac
737 3130 905 3175 sudore.
938 3128 1024 3173 III.
1052 3129 1120 3171 26.
1154 3128 1215 3169 10.

261 3198 306 3239 A
313 3195 342 3238 b
351 3210 370 3238 s
379 3201 397 3237 t
410 3209 433 3238 e
441 3209 466 3236 r
474 3208 497 3236 r
504 3208 528 3237 e
537 3209 560 3237 r
569 3208 608 3240 e.
664 3195 1075 3254 praeterequitantes
1123 3193 1371 3239 absterrent.

313 3261 400 3307 ΙΙΙ.
428 3260 495 3309 61.
522 3263 561 3309 9.
600 3262 671 3307 alii
698 3263 937 3309 absterrent
965 3261 1142 3307 hostem.
1174 3260 1371 3306 XXVII.
