2881 3807
346 220 406 263 18.
434 222 481 268 4.
520 217 633 278 qaod
661 218 750 262 eius
779 230 833 262 ex
861 217 1029 279 populis
1055 219 1307 265 abundabat.
1339 220 1393 265 V.

342 289 412 332 34.
456 288 496 331 5.
533 285 624 341 (ubi
672 284 755 328 vid.
796 284 921 341 Intt.)
975 286 1093 330 velut
1133 286 1396 332 abundarent

341 355 495 397 omnia.
538 354 597 399 11.
641 354 708 396 41.
745 353 785 397 9.
831 361 878 395 ut
919 353 1137 396 abundans
1174 354 1396 398 multitudo

341 421 415 463 vix
443 420 538 477 regi
582 418 802 462 videretur
832 435 964 476 posse.
1006 418 1060 461 V.
1087 421 1157 463 34.
1186 421 1224 464 2.
1268 420 1397 463 abun-

340 486 467 529 dante
482 484 648 529 Lavinii
678 485 957 529 multitudine.
976 485 1014 529 I.
1034 486 1072 529 3.
1089 488 1129 531 3.
1159 486 1397 529 abundante

340 550 611 595 multitudine
640 552 751 595 freti.
781 551 843 597 ΙΙ.
868 554 934 595 47.
952 554 991 598 4.
1023 553 1238 596 iuventute
1267 553 1396 596 abun-

339 618 467 663 dante
498 617 675 663 XXIII.
696 619 848 664 49.12.
878 618 1138 663 abundantes
1165 619 1399 677 voluptates

340 684 599 730 desiderium
639 685 857 729 invexere.
884 685 960 732 Pr.
1004 687 1066 731 12.
1104 685 1175 728 illa
1211 685 1300 730 dies
1326 687 1396 729 ab·

339 750 548 796 undantes
607 750 886 795 Etruscorum
940 753 1068 810 fregit
1126 767 1239 810 opes.
1314 752 1394 797 IX.

285 883 525 930 Abunde.
571 885 832 930 frumentum
871 884 1038 930 abunde
1082 898 1135 930 ex
1167 890 1264 929 ante
1297 899 1392 930 con-

1356 991 1491 1046 Ae.

283 1082 326 1125 A
337 1098 359 1125 c
360 1112 509 1126 ......

283 1147 574 1191 Accedere.
601 1144 753 1189 accede
771 1145 906 1192 lictor.
921 1145 1047 1189 VIII.
1068 1147 1135 1190 32.
1150 1147 1188 1189 8.
1213 1161 1392 1190 accesse-

336 1220 403 1257 rat
431 1213 562 1258 lictor.
592 1212 626 1257 Ι.
656 1211 724 1258 26.
755 1212 795 1256 8.
847 1213 935 1256 acie
960 1212 1175 1264 „instructa
1211 1212 1394 1257 accessit.

337 1280 531 1324 XXVII.
564 1282 598 1325 1.
629 1280 670 1323 6.
698 1294 829 1322 naves
853 1286 1126 1322 accesserunt.
1153 1279 1325 1324 XXIX.
1353 1281 1393 1321 5.

335 1348 378 1391 2.
407 1345 520 1404 quod
551 1345 696 1389 Aetoli
738 1352 1008 1388 accesserant.
1038 1344 1260 1388 XXXIII.
1283 1347 1325 1389 4.
1353 1345 1391 1389 6.

337 1421 383 1458 ut
411 1412 611 1457 accedant
638 1412 807 1457 auxilia.
837 1410 980 1459 XLII.
1017 1412 1084 1458 52.
1128 1412 1167 1458 9.
1213 1428 1391 1456 accesse-

334 1487 431 1526 rant
458 1495 570 1525 nova
597 1480 768 1526 auxilia.
811 1478 909 1524 ibid.
938 1479 1005 1523 65.
1063 1481 1124 1525 12.
1174 1480 1393 1537 graviores

336 1561 547 1591 accessere
566 1552 841 1590 accusatores.
856 1545 1027 1590 XLIII.
1043 1546 1081 1589 8.
1109 1547 1147 1590 2.
1177 1545 1392 1591 accessisse

336 1622 480 1674 postea
510 1613 709 1659 Umbros.
737 1613 792 1655 X.
812 1615 878 1657 21.
897 1614 960 1659 14.
988 1613 1194 1657 accedunt
1221 1613 1393 1671 insuper

338 1682 478 1724 hostes
514 1681 709 1726 ferocius.
739 1681 798 1723 ΙΙ.
828 1681 894 1724 45.
925 1681 965 1723 9.
1002 1680 1220 1723 accessisse
1250 1689 1392 1738 postea

336 1746 535 1792 Umbros.
576 1746 634 1789 X.
680 1747 747 1791 21.
778 1747 841 1788 14.
885 1746 1064 1789 alterum
1103 1747 1273 1788 accessit
1311 1746 1390 1787 vir-

335 1814 433 1856 tutis
483 1812 742 1871 exemplum.
795 1812 876 1870 Ep.
920 1812 980 1854 II.
1035 1813 1207 1855 accessit
1268 1814 1390 1869 pesti-

335 1879 475 1923 lentia.
505 1878 654 1924 XXV.
691 1878 758 1924 26.
789 1880 826 1921 7.
870 1879 1039 1921 accessit
1076 1878 1260 1922 edictum
1295 1895 1391 1922 con-

334 1946 448 1992 sulis.
476 1945 648 1988 XXVI.
679 1947 744 1998 12.
771 1945 812 1988 5.
856 1961 911 1988 ex
941 1962 1025 2002 quo
1068 1945 1201 1987 noctis
1227 1945 1392 1987 licentia

333 2012 565 2059 accesserit.
606 2010 826 2055 XXXIX.
873 2012 937 2055 13.
968 2013 1031 2055 10.
1079 2026 1214 2055 novus
1254 2019 1393 2054 terror

332 2087 573 2129 accesserat.
603 2077 682 2123 VI.
700 2078 741 2126 2.
768 2080 808 2124 3.
837 2078 972 2135 magis
1000 2084 1229 2135 utrumque
1258 2094 1392 2121 acces-

329 2160 476 2190 surum
504 2146 750 2206 apparebat.
771 2144 935 2189 XLIV.
951 2144 1017 2188 36.
1033 2145 1071 2188 2.
1102 2159 1180 2188 nec
1201 2142 1391 2187 animum

330 2213 562 2257 accessisse.
619 2213 714 2262 XL,
744 2214 811 2257 39.
865 2213 904 2255 9.
949 2226 1081 2271 quum
1130 2211 1395 2255 accessissent

338 2280 481 2323 animi.
511 2280 676 2323 XLIV.
704 2282 772 2325 29.
803 2282 840 2322 7.
868 2279 1123 2321 accedebant
1154 2278 1393 2320 blanditiae.

333 2346 368 2389 l.
396 2345 440 2389 9.
469 2346 534 2389 16.
577 2353 623 2390 ut
660 2362 790 2390 naves
833 2361 888 2390 ex
916 2344 1089 2388 Etruria
1116 2344 1393 2388 accessissent.

332 2412 476 2456 XXV.
518 2413 585 2456 22.
613 2414 653 2457 5.
702 2414 755 2457 ab
796 2412 959 2472 Dipylo
997 2412 1177 2455 accessit.
1217 2411 1390 2455 XXXI.

330 2480 399 2525 24.
415 2480 454 2522 9.
484 2478 705 2524 Gracchus
732 2481 786 2523 ab
812 2479 992 2522 Luceria
1020 2479 1199 2521 accessit.
1221 2478 1391 2521 XXIV.

333 2547 398 2591 14.
430 2547 466 2590 l.
514 2548 690 2607 propius
731 2545 948 2590 accedere.
976 2544 1071 2591 XL.
1110 2546 1176 2590 31.
1219 2545 1256 2587 3.
1306 2559 1391 2603 quo

330 2614 505 2672 propius
549 2614 679 2657 hostis
733 2613 968 2656 accedebat.
1025 2612 1199 2659 XXVI.
1246 2614 1285 2655 9.
1327 2613 1389 2653 13.

331 2680 506 2738 propius
545 2680 708 2724 Illiberi
754 2678 1015 2723 accederent.
1068 2679 1194 2722 XXI.
1239 2680 1305 2721 24.
1352 2682 1388 2722 3.

329 2760 380 2789 eo
408 2747 579 2789 accessit
592 2746 854 2791 consultatio.
870 2744 1041 2789 XXIX.
1061 2747 1122 2790 14.
1141 2746 1182 2789 5.
1211 2744 1388 2788 liberam

330 2827 549 2871 nunquam
586 2828 639 2856 eo
666 2812 895 2856 accessisse.
928 2812 1145 2856 XXXIX.
1185 2813 1222 2854 9.
1251 2813 1291 2856 5.
1337 2812 1388 2854 ad

329 2877 375 2921 id
401 2885 590 2937 pastores
617 2885 890 2924 accesserant.
920 2878 955 2920 I.
984 2879 1022 2921 6.
1050 2880 1088 2922 3.
1118 2879 1171 2922 ad
1202 2880 1281 2923 hoc
1310 2879 1389 2922 La-

332 2945 410 2989 tini
437 2953 711 2990 accesserant.
751 2945 830 2991 VI.
862 2947 925 2991 12.
956 2945 995 2990 6.
1042 2944 1095 2989 ad
1134 2946 1212 2990 hoc
1257 2946 1391 2990 hiems

329 3011 500 3058 accedit.
538 3011 757 3058 XXXIV.
787 3014 852 3057 34.
883 3014 924 3059 6.
964 3012 1017 3057 ad
1054 3028 1150 3058 eum
1188 3013 1389 3058 accedere

329 3081 460 3125 iussit.
490 3080 663 3125 XXIV.
693 3082 731 3124 9.
764 3083 799 3123 1.
845 3081 951 3124 haec
987 3081 1041 3123 ad
1079 3095 1128 3124 ea
1165 3095 1388 3125 accessere.

328 3145 472 3193 XLII.
503 3148 568 3194 18.
601 3151 637 3193 1.
681 3148 779 3191 satis
816 3147 870 3192 ad
896 3148 941 3191 id
977 3149 1131 3192 virium
1159 3150 1388 3194 accessisse.

329 3213 473 3260 XXV.
493 3215 560 3261 32.
574 3217 614 3262 3.
645 3214 698 3260 ad
716 3216 868 3261 urbem
889 3215 1149 3261 accederent.
1170 3215 1388 3262 XXVIII.

1404 88 1469 138 14

1526 228 1649 265 vecto
1674 220 1923 266 sufficiebat.
1965 218 2047 264 IV.
2074 217 2142 266 22.
2161 217 2210 264 ’3.
2261 216 2435 264 abunde
2455 217 2575 265 uffi-

1522 287 1655 332 ciebat
1683 287 1903 341 alimentis.
1929 285 2102 333 XXIX.
2127 285 2194 331 31.
2220 284 2259 330 9.
2286 298 2424 343 genus
2449 293 2575 329 omne

1530 354 1697 398 abunde
1734 354 1846 398 bello
1881 354 2140 400 Samnitibus
2168 368 2256 411 par.
2285 351 2413 397 VIII.
2439 351 2508 396 29.
2534 352 2574 397 4.

1522 435 1642 479 spem
1685 420 1852 464 abunde
1895 420 2178 479 expleturum.
2204 417 2396 464 XXXV.
2436 419 2505 462 44.
2533 420 2575 463 4.

1474 488 1654 531 Abuti.
1683 487 1965 531 abutebantur
1996 488 2045 530 iis
2072 486 2270 541 (viribus)
2297 485 2409 529 inter
2443 491 2576 529 semet

1531 555 1643 613 ipsos
1669 554 1882 600 certando.
1911 553 1971 596 11.
1999 555 2065 598 42.
2090 555 2130 596 9.
2158 578 2212 588 -·
2241 552 2375 596 libero
2404 551 2573 596 menda-

1523 622 1587 664 cio
1615 621 1878 664 abutebatur.
1892 618 2083 664 XXXV.
2103 622 2167 666 12.
2189 623 2265 667 17..
2281 636 2411 679 opera
2427 634 2573 663 eorum

1522 688 1565 730 in
1592 686 1813 731 servilibus
1839 686 1954 730 abuti
1982 686 2231 731 ministeriis.
2263 684 2488 731 XXXIX..
2504 687 2574 730 25.

1525 754 1565 799 8.
1597 777 1643 787 -—
1679 752 1908 797 insolenter
1936 760 1979 796 et
2003 752 2227 797 immodice
2254 752 2370 796 abuti
2396 751 2573 796 Thessa-

1523 820 1586 865 los
1625 819 1887 876 indulgentia
1934 819 2090 876 populi
2121 819 2314 864 Romani.
2357 816 2573 863 XXXIX.

1519 1083 1555 1125 9.
1586 1084 1627 1127 4.
1662 1083 1714 1124 ad
1745 1084 1892 1126 urbem
1921 1082 2102 1126 accessit.
2128 1081 2321 1125 XXVII.
2349 1083 2416 1129 28.
2444 1083 2484 1128 9.
2518 1082 2573 1125 ad

1519 1149 1669 1191 urbem
1709 1163 1932 1192 accessere.
1976 1148 2062 1192 III.
2097 1149 2164 1191 63.
2201 1148 2240 1191 6.
2282 1147 2502 1192 XXVIII.
2531 1149 2571 1192 9.

1517 1216 1558 1258 5.
1587 1230 1674 1274 quo
1700 1221 1959 1259 accesserant
1986 1214 2040 1258 ad
2078 1215 2240 1261 urbem.
2269 1213 2323 1259 V.
2352 1215 2420 1261 39.
2449 1214 2489 1259 6.
2517 1214 2572 1258 ad

1519 1282 1669 1324 urbem
1703 1295 1979 1326 accessurum.
2017 1282 2052 1324 I.
2096 1282 2158 1323 15.
2186 1282 2225 1327 3.
2270 1280 2323 1324 ad
2367 1280 2571 1339 oppidum

1517 1355 1793 1390 accesserunt.
1822 1346 1920 1392 XL.
1946 1347 2013 1392 33.
2042 1347 2083 1392 4.
2119 1353 2346 1405 antequam
2374 1345 2428 1390 ad
2458 1362 2572 1391 moe-

1519 1414 1588 1457 nia
1627 1413 1857 1457 accederet.
1901 1413 2072 1457 XXIV.
2110 1414 2178 1457 20.
2223 1415 2286 1460 12.
2327 1414 2572 1472 priusquam

1517 1481 1570 1525 ad
1592 1481 1759 1526 moenia
1786 1479 2019 1526 accederet.
2048 1479 2184 1525 XLV.
2211 1482 2276 1526 10.
2302 1482 2341 1527 3.
2374 1482 2426 1524 ad
2456 1498 2569 1524 moc-

1518 1548 1586 1590 nia
1615 1548 1748 1592 victor
1762 1547 1942 1592 accessit.
1970 1547 2052 1592 IX.
2069 1548 2137 1592 40.
2158 1547 2218 1593 19.
2241 1547 2330 1604 (ubi
2350 1546 2432 1596 vid.
2449 1545 2569 1600 Intt.)

1517 1614 1568 1657 ad
1598 1616 1765 1658 moenia
1793 1628 2014 1658 accessere.
2044 1613 2129 1659 III.
2149 1614 2215 1659 66.
2238 1614 2276 1659 6.
2308 1612 2482 1660 XXIII.
2507 1613 2568 1658 18.

1516 1682 1554 1724 2.
1597 1681 1651 1723 ad
1688 1696 1831 1723 muros
1869 1681 2051 1726 accessit.
2081 1680 2136 1723 X.
2174 1681 2240 1724 45.
2269 1680 2308 1724 9.
2348 1679 2566 1725 XXXIII.

1520 1749 1582 1790 17.
1611 1749 1649 1789 3.
1677 1749 1730 1789 ad
1758 1755 1891 1789 castra
1919 1747 2100 1791 accessit.
2130 1745 2186 1790 X.
2215 1747 2281 1790 20.
2299 1746 2338 1790 8.
2367 1745 2420 1789 ad
2437 1753 2570 1791 castra

1518 1821 1792 1857 accesserunt.
1818 1814 1945 1858 VIII.
1963 1814 2017 1857 36
2051 1816 2091 1858 2.
2119 1813 2172 1856 ad
2202 1813 2359 1856 vallum
2388 1813 2568 1856 accessit.

1516 1879 1670 1923 XXII.
1725 1880 1793 1923 60.
1855 1881 1921 1924 24.
1980 1880 2034 1922 ad
2091 1880 2248 1922 vallum
2294 1887 2567 1925 accesserunt.

1516 1945 1731 1988 XXXIX.
1759 1947 1826 1987 30.
1843 1947 1882 1988 5.
1905 1946 2026 1988 XLI.
2040 1948 2078 1988 3.
2095 1946 2135 1988 8.
2161 1944 2215 1991 ad
2229 1945 2371 1988 littora
2389 1946 2569 1989 accessit.

1516 2012 1665 2055 XXII.
1684 2013 1749 2055 31.
1767 2015 1807 2057 2.
1836 2013 1955 2054 navis
1971 2012 2024 2054 ad
2035 2013 2186 2055 ostium
2200 2012 2379 2054 accessit.
2396 2010 2567 2055 XXIX.

1520 2079 1583 2122 14.
1617 2080 1678 2125 ll.
1725 2080 1797 2136 qui
1836 2095 1970 2135 quum
2007 2078 2059 2121 ad
2089 2078 2267 2136 puppim
2295 2069 2571 2121 accessissent.

1516 2143 1664 2192 XXX.
1691 2145 1758 2192 36.
1793 2145 1831 2189 5.
1885 2143 1939 2188 ad
1983 2142 2270 2203 gubernacula
2315 2142 2571 2202 reipublicae

1520 2212 1731 2257 accedere.
1777 2212 1856 2257 IV.
1903 2212 1943 2256 3.
1987 2212 2049 2258 17.
2103 2210 2156 2255 ad
2198 2219 2341 2270 portas
2388 2211 2569 2256 accessit.

1519 2279 1712 2324 XXVIL
1733 2281 1796 2326 13.
1817 2280 1880 2325 11.
1909 2278 1963 2321 ad
1989 2285 2155 2336 portam
2175 2278 2356 2320 accessit.
2372 2276 2569 2322 XXXII.

1519 2347 1584 2388 40.
1611 2346 1649 2391 5.
1687 2345 1740 2389 ad
1769 2345 1945 2404 posticas
1979 2343 2104 2388 aedes
2133 2359 2266 2403 quum
2295 2343 2568 2388 accessissent.

1517 2413 1596 2471 Ep.
1617 2412 1832 2460 XXXIX.
1858 2411 1910 2455 ad
1928 2410 2116 2470 peditum
2137 2424 2294 2468 agmen
2322 2425 2405 2454 non
2435 2424 2568 2454 acces-

1517 2481 1626 2523 sisse.
1657 2478 1921 2525 XXXVIII.
1949 2479 2016 2525 41.
2045 2478 2085 2523 6.
2113 2477 2167 2520 ad
2194 2478 2377 2521 tribuual
2406 2476 2458 2522 ad
2480 2474 2569 2522 Sei-

1523 2546 1691 2605 pionem
1721 2544 1891 2590 accedit.
1920 2544 2090 2590 XXVI.
2119 2544 2186 2592 48.
2214 2547 2276 2592 10.
2305 2544 2358 2589 ad
2384 2544 2568 2590 tribunal

1525 2614 1703 2656 accessit.
1735 2613 1859 2656 VIII.
1890 2613 1955 2656 32.
1985 2613 2023 2655 2.
2064 2612 2117 2655 ad
2155 2613 2341 2657 lictorem
2370 2611 2568 2656 accedere

1519 2683 1645 2729 iubet.
1676 2681 1760 2725 111.
1789 2682 1854 2722 41.
1884 2681 1922 2725 3.
1966 2694 2020 2722 ne
2057 2679 2110 2722 ad
2146 2680 2308 2722 hostem
2337 2678 2566 2723 accederet.

1517 2748 1682 2794 XLIII.
1713 2748 1776 2794 16.
1806 2748 1845 2789 2.
1882 2745 1935 2788 ad
1977 2745 2140 2789 hostem
2168 2745 2348 2789 accessit.
2378 2744 2566 2791 XXXV.

1516 2816 1552 2856 4.
1583 2814 1621 2857 6.
1647 2814 1857 2857 exercitus
1885 2811 1938 2854 ad
1969 2812 2130 2856 hostem
2165 2827 2388 2856 accessere.
2416 2810 2501 2858 III.
2527 2813 2565 2854 2.

1523 2882 1559 2921 7.
1606 2879 1659 2922 ad
1703 2881 1861 2931 Anxur
1902 2878 2236 2936 oppugnandum
2277 2879 2458 2921 accessit.
2485 2878 2566 2922 IV.

1516 2947 1583 2990 59.
1612 2947 1651 2993 3.
1682 2961 1812 3004 quum
1843 2953 1941 2988 ante
1967 2945 2186 2990 lucemad
2215 2946 2405 2990 Africam
2433 2960 2567 2989 acces—

1518 3014 1646 3060 sisset.
1664 3012 1857 3058 XXVII.
1871 3013 1911 3059 5.
1927 3013 1966 3057 8.
1996 3013 2046 3057 ad
2062 3013 2274 3058 Eretriam
2289 3021 2566 3058 accesserunt.

1516 3080 1715 3125 XXXII.
1748 3082 1808 3127 16.
1839 3081 1877 3124 8.
1926 3080 1978 3123 ad
2009 3081 2139 3125 Veios
2177 3095 2399 3125 accessere.
2444 3079 2498 3123 V.
2526 3080 2564 3125 8.

1516 3149 1554 3192 6.
1597 3149 1650 3191 ad
1678 3149 1889 3194 Carteiam
1928 3148 2056 3193 classe
2092 3149 2272 3193 accessit.
2302 3146 2565 3195 XXXVIII.

1515 3217 1581 3263 30.
1633 3217 1669 3261 3.
1732 3215 1785 3260 ad
1830 3216 2076 3277 Hipponem
2138 3231 2270 3275 quum
2320 3214 2564 3261 accessisset.
