2881 3807
1420 101 1452 148 4

462 234 599 284 Tales
649 234 872 283 sentiendi
919 235 1173 300 agendique
1220 238 1442 295 rationeS‚
1495 251 1584 282 non
1633 237 1918 283 extrinsecus
1965 233 2064 282 illas
2108 223 2333 298 arreptas,
2385 234 2467 283 sed
2520 250 2582 285 ex

292 320 391 383 ipsa
427 319 770 382 paedagogieae
821 321 929 366 artis
975 325 1131 364 natura
1179 321 1342 382 petitas
1386 333 1487 364 cum
1535 332 1717 380 semper
1768 318 2117 381 sapientissime·
2154 320 2483 380 sequeremini,
2536 318 2582 367 id

292 390 525 447 effecistis
548 407 601 446 ut
641 415 726 461 per
768 407 835 447 tot
877 414 1095 447 annorum
1141 391 1395 447 decursum*
1417 414 1444 444 e
1481 398 1648 445 Vestra
1684 398 1932 446 studiorum
1980 398 2093 446 sede
2126 405 2174 445 et
2207 399 2263 446 ad
2299 399 2580 451 Christianae

293 480 401 527 fidei
437 483 719 527 incrementa
754 488 801 527 et
836 481 891 528 ad
926 495 1006 528 eas
1050 487 1192 540 artes,
1230 495 1344 544 quae
1391 478 1445 526 ab
1490 479 1761 532 humanitate
1801 494 1967 527 nomen
2003 478 2246 541 duxerunt,
2289 478 2462 533 finctus
2495 489 2614 534 re-'

293 550 545 610 dundarent
580 560 831 623 uberrimi,
866 568 914 610 ut
949 577 1140 625 magnus
1177 562 1379 610 virorum
1414 575 1627 609 numerus
1664 559 1741 609 vel
1775 575 2010 630 munerum
2051 560 2332 627 publicorum
2366 566 2581 631 amplitu-

289 643 393 690 dine
429 645 676 706 insignium
721 643 798 691 vel
833 645 1088 707 exquisitae
1125 643 1357 690 doctrinae
1402 643 1535 690 laude
1570 641 1824 705 florentium
1859 657 1919 689 ex
1963 644 2050 690 ista
2084 642 2320 711 disciplina
2360 646 2581 741 Pmffisffffi

289 721 485 789 denique
520 732 569 772 ut
604 725 831 790 gymnasii
875 724 1224 773 Hammonensis
1282 737 1375 772 non
1410 725 1456 771 in
1491 734 1627 771 unam
1659 721 1951 778 Westffliam
1994 721 2078 772 sed
2099 722 2160 773 in
2183 717 2581 795 uni-versatam:

290 807 422 853 triam
469 808 630 853 merita
664 807 982 854 consentiente
1038 806 1235 853 omnium
1293 805 1639 867 intelligentium
1681 818 1802 853 voce
1846 804 1983 852 hodie
2018 802 2336 869 praedicentur
2376 801 2582 874 egi-effla}

466 885 616 949 Atque
666 886 752 933 hae
806 886 985 949 quidem
1034 886 1285 948 gratulandi
1332 898 1499 934 causae
1544 899 1808 933 communes
1853 884 1984 933 nobis
2028 882 2210 934 fuerunt
2251 903 2354 937 cum
2389 887 2580 952 ceteris:

289 966 567 1031 peculiarem
607 981 722 1015 vero
760 966 992 1016 habuimus
1029 967 1167 1027 hanc,
1213 967 1333 1032 quod
1367 973 1470 1016 sunt
1514 968 1560 1014 in
1607 971 1764 1015 nostro
1800 964 2000 1028 colleg-io
2038 967 2117 1031 ‘qui
2153 979 2264 1016 cum‘
2290 967 2446 1018 Vestri
2482 983 2581 1037 gy-

290 1049 451 1096 mnasii
498 1047 739 1113 disciplina
775 1048 976 1097 eruditos
1014 1063 1066 1096 se
1104 1063 1206 1096 cum
1248 1049 1493 1111 gratissimi
1538 1048 1673 1096 animi
1727 1046 2043 1096 testificatione
2091 1045 2403 1113 profiteantur,
2454 1049 2579 1116 nullo

286 1134 420 1194 pacto
467 1129 554 1178 sibi
597 1129 763 1178 deesse
811 1130 1037 1179 voluerint
1084 1132 1190 1194 quin
1236 1130 1395 1178 almam
1431 1134 1617 1178 matrem
1656 1127 1833 1193 publica
1869 1135 2078 1178 votorum
2124 1133 2456 1196 nuncupatione
2479 1133 2580 1184 'hoc

288 1209 409 1259 festo
447 1212 523 1259 die
557 1217 958 1274 prosequerentur.

460 1292 658 1340 Proinde
694 1300 802 1340 vota
838 1309 955 1356 quae
990 1309 1073 1356 pro
1112 1292 1268 1340 Vestri
1304 1294 1531 1356 gymnasii
1578 1291 1722 1341 salute
1766 1310 1820 1341 ac
1854 1294 2155 1357 prosperitate
2191 1289 2462 1359 suscipimus
2497 1312 2580 1345 ar—

287 1373 550 1421 dentissima
598 1373 797 1436 benigne
842 1377 1055 1438 accipere
1101 1390 1160 1421 ne
1206 1377 1543 1422 recusaveritis.
1614 1365 1846 1421 Incolume
1896 1382 2056 1422 servet
2104 1392 2159 1423 ac
2199 1385 2409 1440 protegat
2448 1375 2579 1442 *Deus

287 1456 341 1503 Ο.
374 1456 436 1503 Π.
471 1458 761 1520 gymnasium
782 1455 1140 1515 Hammonense,
1188 1458 1367 1520 pietatis
1405 1456 1703 1518 evangelicae
1743 1456 1923 1517 sedem,
1959 1455 2212 1506 liberalium
2238 1461 2396 1506 artium
2433 1460 2580 1508 semi-

288 1534 663 1597 11an
706 1537 891 1586 decoris
927 1538 1265 1602 honestatisque
1300 1538 1600 1597 domicilium3
1641 1540 1817 1584 cunctis
1859 1537 1969 1585 illud
2002 1539 2269 1587 clementiae
2304 1554 2414 1588 suae
2450 1540 2579 1590 donis

287 1625 421 1667 ornet
454 1618 740 1684 cumuletque
776 1625 944 1667 etcum
981 1632 1070 1684 quo
1098 1632 1218 1667 nunc
1234 1620 1366 1682 viget
1400 1619 1650 1667 iuventutis
1685 1617 1870 1681 florem,
1906 1633 1990 1684 per
2024 1620 2117 1669 duo
2149 1617 2332 1670 saecula
2350 1631 2579 1689 prosper—

286 1701 401 1747 rime
435 1699 678 1747 collectum
714 1706 761 1747 et
778 1705 1116 1760 conservatum,
1154 1701 1200 1747 in
1240 1713 1419 1748 omnem
1439 1699 1728 1748 saeculorum
1763 1701 2106 1764 perpetuitatem
2126 1697 2342 1767 illibatum
2377 1701 2579 1752 inviola-

286 1786 469 1845 umque
505 1793 616 1830 esse
650 1778 816 1829 iubeat.
2430 1831 2437 1837 ,

460 1861 625 1910 Valete
669 1861 894 1927 nobisque
938 1862 1098 1911 favere
1142 1864 1320 1928 pergite
1372 1878 1426 1911 ac
1469 1862 1781 1912 munusculum
1829 1862 1948 1928 quod
1988 1862 2273 1914 subiunctum
2322 1872 2395 1915 est
2447 1858 2582 1931 aequi

286 1943 486 2009 bonique
521 1943 670 1991 facite.

446 2062 793 2114 Tremoniae
836 2064 877 2115 d.
925 2064 981 2114 X.
1028 2080 1085 2114 ιιι.
1121 2064 1230 2115 Maii
1267 2081 1306 2113 a.
1344 2063 1756 2116 CIOIOGCCLVII.
