2881 3807
1346 111 1409 162 15

279 244 472 294 xm.
489 246 530 292 3.
550 245 589 291 7.
617 244 675 290 ad.
697 243 872 291 masam
899 246 1080 292 accessit.
1106 244 1346 292 XXXVII.

246 330 248 333 ·
299 316 366 362 18.
405 314 445 360 3.
479 312 557 358 ¹ad
593 312 743 358 Eleam
779 320 1054 359 accesserunt.
1099 313 1154 359 ib.
1200 314 1269 358 20.
1288 353 1290 355 .
1310 316 1344 355 1.

297 380 673 442 quinqueremibus
754 379 808 422 ad
877 379 1091 438 Gythium
1165 380 1347 425 accessit.

298 447 493 492 XXXV.
512 446 577 491 37.
593 449 633 491 3.
661 445 715 488 ad
742 444 989 490 Chalcidem
1012 446 1189 489 navibus
1215 460 1347 489 acces-

294 515 362 559 sit.
402 513 546 559 XLII.
583 513 651 556 55.
689 513 726 555 7.
783 512 837 555 ad
879 512 1062 557 Cleonas
1110 527 1344 556 accessuros

295 596 513 639 nunquam
541 578 795 623 credidisset.
824 578 1045 626 XXXIII.
1077 580 1139 625 15.
1171 580 1208 626 7.
1238 579 1346 623 Len-

296 647 432 692 tulum
473 646 527 690 ad
570 645 733 691 Uticam
761 645 989 689 accessisse.
1035 645 1184 689 XXX.
1213 649 1278 691 36.
1307 650 1344 692 2.

296 739 350 748 -
378 722 425 758 ut
450 711 698 756 accederent
738 704 1017 770 Libybaeum.
1052 712 1181 759 XXI.
1209 714 1275 760 49.
1305 716 1345 760 9.

297 780 436 825 classis
463 779 623 824 Ostiam
646 778 828 822 accessit.
855 777 1007 825 XXII.
1022 779 1095 826 37.
1109 780 1157 823 1:
1174 779 1345 824 classem

294 846 512 892 accessisse
539 844 805 903 Pachynum.
831 844 1001 893 XXIV.
1020 846 1088 892 27.
1117 847 1155 891 7.
1190 846 1346 891 Locros

295 911 478 960 accessit.
515 910 685 957 XXIX.
724 911 763 956 7.
804 911 841 958 7.
883 910 1032 957 Eleam
1070 920 1344 958 accesserunt.

295 977 537 1030 XXXVII.
565 979 631 1024 20.
664 979 700 1022 1.
740 978 908 1023 Theum
943 993 1165 1024 accessere.
1195 980 1249 1024 ib.
1277 980 1343 1024 27.

295 1046 335 1092 9.
361 1045 475 1091 diem
517 1060 602 1105 qua
628 1058 867 1089 accessurus
904 1051 1012 1089 esset
1038 1045 1341 1104 Metapontum.

271 1112 493 1159 'XXVIL
537 1113 601 1155 16.
642 1112 710 1160 13.
761 1113 931 1155 accessit
970 1127 1040 1155 res
1080 1113 1133 1155 ad
1174 1114 1342 1158 animos.

296 1179 498 1224 XXXII.
538 1181 602 1223 17.
645 1179 683 1221 6.
722 1185 981 1221 accesserant
1023 1178 1131 1222 duae
1183 1195 1250 1222 res
1290 1181 1342 1222 ad

298 1245 537 1304 augendam
577 1244 790 1291 invidiam.
818 1243 968 1290 XXII.
997 1245 1062 1289 23.
1091 1245 1131 1288 4.
1180 1245 1233 1289 ad
1269 1246 1342 1290 has

294 1312 631 1370 opportunitates
679 1311 839 1355 accedit
886 1325 1051 1354 summa
1112 1311 1342 1355 salubritas.

294 1376 437 1423 XLII.
466 1377 535 1422 54.
559 1378 620 1421 10.
648 1376 702 1420 ad
721 1377 828 1420 iram
857 1375 1081 1420 accedebat
1108 1376 1341 1420 difficultas.

294 1444 508 1491 XXXVI.
536 1445 602 1489 29.
629 1445 669 1487 2.
712 1444 755 1487 id
783 1459 954 1503 quoque
981 1443 1035 1486 ad
1070 1444 1249 1501 gloriam
1278 1461 1342 1487 ae-

290 1513 423 1557 cessit.
453 1511 489 1557 I.
518 1512 588 1556 48.
629 1512 667 1555 8.
723 1511 895 1555 accessit
936 1510 992 1553 ‚ad
1035 1526 1128 1554 eam
1182 1511 1341 1556 cladem

293 1581 481 1624 vastatio.
510 1578 613 1623 VII.
653 1578 718 1625 15.
747 1579 811 1623 ll.
853 1576 906 1621 ad
943 1576 1226 1622 defectionem
1256 1577 1341 1622 bcl-

297 1649 387 1693 lum
414 1646 597 1695 accessit.
626 1644 753 1689 VIII.
783 1645 849 1689 37.
878 1644 916 1688 2.
960 1643 1012 1686 ad
1047 1650 1253 1689 terrorem
1280 1660 1342 1689 se-

293 1715 397 1760 ditio
422 1712 603 1757 accessit.
631 1710 846 1756 XXXIV.
874 1711 940 1756 25.
969 1711 1008 1754 6.
1053 1726 1264 1757 accessere
1289 1712 1342 1754 ad

295 1794 446 1839 aegras
453 1785 617 1823 mentes
626 1777 832 1837 prodigia.
842 1777 902 1820 ΙΙ.
912 1778 978 1821 42.
996 1779 1056 1822 10.
1074 1778 1126 1820 ad
1136 1792 1340 1821 summam

293 1846 480 1892 indolem
505 1851 733 1889 accesserat
759 1843 988 1902 disciplina.
1034 1844 1180 1887 XXV.
1207 1846 1272 1887 37.
1302 1847 1340 1888 3.

293 1914 348 1957 ad
374 1921 451 1957 nos
477 1925 633 1955 nomen
646 1911 841 1968 famaque
865 1910 953 1952 eius
972 1910 1171 1954 accedere
1199 1912 1340 1969 possit.

293 1979 420 2024 XXI.
438 1978 502 2023 10.
521 1979 583 2021 12.
611 1978 825 2019 accessisse
843 1975 897 2016 ad
916 1977 1025 2018 vires
1040 1977 1341 2018 auctoritatem.

294 2045 437 2091 XLII.
458 2047 522 2088 11.
537 2045 577 2087 9.
606 2043 659 2085 ad
676 2051 855 2085 vastatos
878 2058 1004 2099 agros
1021 2041 1161 2085 clades
1175 2043 1344 2085 accessit

259 2133 262 2135 “
294 2112 473 2157 Sabinis.
502 2111 586 2152 111.
615 2112 681 2152 29.
710 2111 747 2151 7.
777 2109 820 2151 id
847 2109 1053 2166 triumphi
1081 2108 1201 2153 titulo
1229 2125 1342 2152 acce-

294 2178 369 2225 dit.
412 2176 558 2223 XXV.
597 2177 662 2222 29.
692 2177 732 2220 5.
775 2191 859 2235 quo
905 2175 1143 2220 hominibus
1181 2174 1345 2218 animus

292 2243 525 2291 accederet.
569 2242 737 2288 XXIV.
778 2243 843 2287 27.
881 2243 920 2290 8.
974 2242 1174 2287 Romanis
1215 2242 1344 2285 animi

302 2325 526 2355 accessere.
557 2310 636 2352 IV.
654 2310 692 2352 8.
719 2310 758 2355 3.
788 2309 1006 2352 Atintania
1032 2308 1252 2353 Macedoni
1278 2323 1343 2350 ac-

293 2378 477 2423 cederet.
503 2376 676 2421 XXIX.
708 2375 772 2421 12.
804 2376 866 2419 13.
909 2376 1061 2434 quibus
1095 2375 1194 2419 locis
1229 2390 1343 2419 acce-

295 2445 457 2490 derent.
487 2442 726 2487 XXXVII.
756 2444 824 2488 20.
853 2445 892 2488 2.
930 2442 1183 2500 agitantibus
1211 2457 1343 2486 acces-

299 2518 446 2556 serunt
474 2510 643 2555 auxilia.
683 2510 810 2557 VIII.
838 2511 906 2555 25.
935 2512 974 2555 2.
1016 2509 1114 2552 huic
1138 2516 1343 2553 nocturno

293 2579 432 2624 itineri
484 2587 569 2622 tres
629 2576 805 2622 diurnae
864 2576 995 2622 horae
1052 2582 1342 2621 accesserunt.

293 2645 485 2693 XXXV.
517 2650 551 2690 l.
582 2646 618 2688 7.
659 2651 921 2689 accesserunt
947 2643 1098 2686 animis
1118 2643 1344 2700 religiones

296 2713 446 2759 XLII.
471 2714 536 2756 20.
573 2714 611 2755 5.
662 2712 904 2754 'criminibus
956 2712 1076 2753 vanis
1115 2721 1343 2754 accesserat

294 2779 411 2827 fides.
440 2779 613 2824 XXIV.
630 2780 694 2821 27.
710 2779 748 2821 8.
778 2793 910 2837 quum
939 2777 1069 2820 muris
1095 2772 1363 2822 accessisset.‘'

292 2848 349 2891 ib.
376 2847 444 2892 20.
468 2848 529 2890 11.
560 2845 816 2891 Samnitium
843 2844 1003 2888 viribus
1030 2843 1230 2888 accedere
1258 2860 1342 2886 ma-

293 2913 390 2959 litis.
431 2912 538 2958 VII.
573 2915 638 2955 30.
673 2913 733 2957 10.
777 2912 994 2955 accessisse
1041 2925 1192 2954 novam
1236 2918 1341 2954 tem-

292 2988 495 3041 pestatem
519 2995 663 3035 regno.
695 2979 833 3023 XLV.
864 2979 928 3023 19.
960 2980 1022 3024 12.
1069 2978 1171 3037 quid
1208 2994 1341 3022 acces-

248 3093 267 3098 ..
290 3064 438 3093 surum
469 3049 553 3091 suis
597 3046 765 3091 viribus.
809 3046 887 3094 VI.
928 3047 995 3092 23.
1024 3047 1065 3093 5.
1086 3047 1088 3049 ’
1111 3047 1340 3106 plurimum

292 3130 554 3162 accessurum
584 3113 755 3158 viribus.
782 3112 952 3159 XXIV.
979 3114 1018 3157 2.
1033 3115 1072 3158 3.
1101 3129 1176 3157 suo
1203 3113 1246 3157 id
1276 3129 1340 3157 ac-

291 3197 504 3227 cessurum
533 3196 681 3239 regno.
708 3181 897 3226 XXXV.
930 3182 994 3227 17.
1025 3185 1060 3225 1.
1098 3182 1230 3226 multa
1263 3183 1340 3225 sibi

293 3265 517 3296 accessura.
558 3248 614 3296 ib.
647 3249 710 3295 13.
754 3249 792 3294 8.
831 3274 880 3282 -—
928 3256 1097 3310 praeter
1134 3248 1338 3309 gaudium

1475 251 1740 305 contemptus
1783 246 1967 291 hostium
2003 249 2184 296 accessit.
2222 246 2367 293 XLII.
2396 248 2464 294 55.
2493 250 2521 291 4

1473 326 1602 371 super
1637 313 1777 356 dotem
1818 315 1921 358 baec
1957 316 2031 359 tibi
2072 332 2097 359 a
2133 330 2201 359 me
2232 315 2387 359 dotalia
2415 314 2527 360 dona

1473 379 1863 424 accedent.:XXVI.
1877 383 2024 428 50.12.
2042 407 2087 415 -
2103 384 2226 426 etiam
2242 383 2344 426 illud
2365 383 2527 427 accedit

1474 444 1586 503 quod
1608 445 1699 491 fuit.
1714 446 1790 489 IV.
1804 449 1870 491 20.
1889 449 1927 492 9.
1958 449 2206 502 accedebat,
2237 449 2350 507 quod
2372 450 2524 494 fuerat.

1471 510 1660 555 XXXV.
1681 514 1743 558 10.
1759 514 1798 556 6.
1826 515 1878 557 ad
1906 530 2175 559 communem
2200 515 2526 574 trepidationem

1471 578 1640 621 accessit
1668 579 1779 636 quod
1797 615 1834 626 ..
1866 590 2043 640 poterat.
2073 581 2292 629 XXXIII.
2320 583 2360 626 9.
2388 583 2428 628 9.
2458 599 2523 627 ac-

1471 652 1650 688 cesserat
1702 645 1754 688 ad
1800 647 2071 704 religionem,
2118 649 2283 706 quod..
2329 649 2522 694 concidit.

1471 711 1591 754 XLI.
1621 711 1683 754 16.
1711 712 1750 754 3.
1793 727 1920 771 supra
1953 714 2054 758 belli
2080 723 2241 758 metum
2283 716 2323 758 id
2353 731 2523 775 quoque

1471 785 1721 830 accesserat.
1769 779 1882 836 quod
1897 816 1907 827 .
1922 813 1931 822 .
1953 814 1962 824 .
2008 780 2233 825 constabat.
2277 781 2338 825 11.
2381 784 2441 827 18.
2481 784 2520 828 3.

1469 844 1639 888 accessit
1690 851 1736 888 ut
1788 844 1981 891 Vestinus
2000 881 2010 893 .
2027 882 2037 891 .
2081 862 2173 893 sese
2232 849 2520 907 coniungeret.

1470 909 1599 954 VIII.
1629 910 1694 955 29.
1726 912 1761 953 1.
1808 925 1858 955 eo
1887 914 2130 967 accedebat,
2179 923 2228 957 ut
2254 930 2435 973 regnum
2457 922 2520 957 tu-

1468 976 1643 1020 tandum
1672 985 1789 1021 esset.
1826 979 1863 1021 Ι.
1890 980 1958 1022 49.
1986 982 2025 1022 4.
2067 981 2122 1023 ad
2149 988 2435 1040 contemptum
2463 983 2520 1024 le-

1467 1058 1573 1101 gum
1602 1045 1770 1086 accessit
1787 1052 1899 1100 tum,
1928 1054 2026 1092 ut..
2059 1055 2326 1105 spernerent.
2346 1048 2519 1090 XXIII.

1465 1113 1506 1157 4.
1535 1112 1574 1153 6.
1617 1110 1671 1152 ad
1711 1118 1851 1154 cetera
1890 1112 1933 1154 id
1977 1122 2236 1169 accesserat,
2280 1122 2355 1157 ut.
2375 1148 2387 1160 .
2426 1132 2521 1174 spes

1467 1184 1587 1220 esset.
1617 1176 1835 1221 XXVIII.
1867 1179 1929 1225 12.
1958 1180 1995 1225 7.

1413 1245 1454 1287 A
1465 1259 1487 1288 c
1497 1259 1520 1287 c
1530 1242 1576 1288 el
1588 1258 1612 1288 e
1621 1259 1644 1287 r
1654 1259 1679 1287 a
1687 1259 1710 1286 r
1719 1259 1755 1290 e.
1806 1252 2008 1303 quantum
2055 1246 2292 1308 accelerare
2343 1255 2518 1308 poterat.

1466 1309 1707 1353 XXXVII.
1742 1312 1811 1355 22.
1846 1312 1885 1354 5.
1929 1312 2073 1355 XLII.
2112 1313 2179 1358 65.
2222 1315 2265 1358 2.
2315 1323 2521 1373 quantum

1466 1376 1648 1418 maxime
1676 1376 1912 1419 accelerare
1949 1386 2125 1435 poterat.
2169 1378 2344 1423 XXIII.
2384 1381 2453 1427 28.
2482 1384 2520 1424 3.

1465 1451 1670 1501 quantum
1699 1443 1934 1488 accelerare
1974 1453 2153 1503 possent.
2182 1445 2424 1495 XXXVII.
2452 1448 2520 1495 20.

1470 1511 1532 1555 10.
1561 1510 1729 1555 XLIII.
1750 1513 1786 1556 1.
1808 1512 1871 1555 10.
1901 1520 2102 1569 quantum
2119 1513 2346 1559 accelerari
2368 1524 2521 1573 posset.

1466 1576 1658 1621 XXVII.
1688 1578 1754 1621 28.
1788 1579 1850 1621 15.
1880 1577 1965 1621 III.
1993 1579 2058 1623 46.
2087 1580 2127 1623 5.
2167 1587 2373 1639 quantum
2406 1596 2521 1625 aecc—

1466 1644 1603 1688 lerare
1643 1645 1791 1703 potuit.
1836 1644 2050 1691 XXXVI.
2098 1648 2166 1692 43.
2207 1648 2246 1689 3.
2304 1648 2519 1703 accelera,

1464 1711 1653 1768 signifer.
1681 1711 1767 1754 III.
1795 1712 1862 1754 27.
1907 1712 1949 1757 8.
1993 1713 2206 1756 consulem
2234 1713 2288 1755 ad
2326 1728 2418 1757 sese
2446 1731 2518 1774 op-

1467 1777 1735 1835 primendum
1763 1777 2028 1820 accelerasse.
2068 1779 2261 1822 XXVII.
2290 1781 2356 1821 47.
2393 1781 2432 1822 8.
2464 1806 2518 1812 —

1465 1858 1621 1900 cogere
1663 1843 1799 1900 potuit
1840 1843 2024 1900 gradum
2065 1845 2312 1888 accelerare.
2360 1846 2421 1891 11.
2450 1848 2517 1889 43.

1466 1911 1521 2017 8}³
1558 1909 1688 1966 legati
1732 1911 1846 1966 regis
1883 1911 1963 1953 iter
1997 1910 2298 1956 accelerarunt.
2346 1911 2517 1958 XXXI.

1467 1978 1492 2019 2
1525 2011 1535 2020 .
1567 1978 1604 2019 1.

1413 2042 1458 2084 A
1467 2058 1489 2085 c
1498 2058 1521 2084 c
1531 2057 1554 2085 e
1563 2057 1591 2084 n
1602 2041 1627 2084 d
1638 2057 1661 2085 e
1671 2058 1693 2084 r
1703 2057 1739 2088 e.
1769 2049 1897 2086 vento
1924 2042 2096 2087 iuvante
2123 2058 2295 2087 accensa
2325 2042 2452 2102 ligna.
2481 2044 2517 2089 I.

1467 2108 1534 2151 37.
1565 2109 1600 2151 l.
1631 2123 1785 2165 magno
1814 2124 1918 2165 rogo
1939 2107 1980 2152 in
2002 2108 2226 2168 propatulo
2254 2108 2423 2156 aedium
2455 2128 2519 2157 ac-

1468 2186 1604 2219 censo.
1622 2173 1792 2219 XXVI.
1824 2174 1885 2220 13.
1910 2175 1972 2218 18.
2012 2182 2108 2219 ture
2137 2190 2323 2221 accens0.
2342 2176 2519 2224 XXIX.

1469 2243 1533 2288 14.
1566 2243 1630 2288 13.
1666 2242 1808 2300 spoliis
1842 2243 2034 2288 accensis.
2073 2241 2109 2285 I.
2138 2244 2206 2289 37.
2245 2245 2284 2287 6.
2332 2246 2518 2302 (imber)

1467 2316 1513 2350 ut
1552 2324 1631 2351 nec
1657 2308 1826 2351 accendi
1867 2308 1989 2351 facile
2019 2317 2244 2367 pateretur
2270 2319 2313 2353 et
2361 2316 2518 2355 exstin-

1465 2383 1617 2433 gueret
1643 2389 1826 2421 accensa.
1854 2374 1998 2419 XLII.
2026 2376 2092 2419 63.
2112 2376 2153 2421 8.
2185 2376 2344 2421 facibus
2372 2392 2517 2423 accen-

1465 2456 1584 2485 suros
1612 2457 1673 2486 ea.
1702 2441 1844 2487 XLII.
1873 2443 1939 2488 63.
1969 2443 2007 2484 7.
2049 2443 2168 2501 ignes
2205 2458 2341 2502 quum·
2367 2459 2512 2489 accen-

1469 2508 1605 2556 disset.
1634 2509 1848 2552 XXXVI.
1880 2509 1942 2551 10.
1975 2512 2036 2554 12.
2064 2510 2285 2553 scintillam
2311 2512 2512 2555 accende-

1468 2583 1579 2620 runt.
1623 2575 1885 2621 XXXVIII.
1918 2576 1952 2621 7.
1998 2579 2061 2623 12.
2117 2578 2259 2621 fauces
2309 2580 2518 2637 congestis

1468 2644 1592 2701 lignis
1619 2658 1826 2687 accensae.
1856 2643 1911 2684 X.
1944 2646 1977 2686 1.
2006 2647 2045 2687 5.
2076 2660 2249 2688 accenso
2278 2646 2430 2692 foculo.
2452 2648 2514 2690 11.

1469 2713 1532 2754 12.
1583 2712 1643 2756 13.
1694 2710 1873 2754 accensis
1911 2713 2131 2755 montibus.
2172 2711 2324 2758 XXII.
2374 2714 2439 2760 17.
2478 2716 2517 2757 3.

1467 2778 1646 2819 accensis
1688 2778 1893 2823 cornibus.
1933 2779 1985 2824 ib.
2030 2779 2091 2822 16.
2121 2779 2160 2821 8.
2207 2788 2249 2823 et
2289 2782 2352 2827 17,
2392 2782 2435 2826 2.
2468 2806 2515 2814 -

1467 2859 1561 2886 cum
1589 2844 1788 2899 (ferrum)
1816 2844 2001 2888 medium
2037 2860 2258 2889 accensum
2274 2847 2517 2892 mitteretur

1465 2917 1865 2968 conceptumque...
1915 2912 2116 2955 maiorem
2173 2912 2317 2970 ignem
2372 2915 2517 2958 ferret.

1465 2977 1591 3022 XXI.
1638 2977 1675 3019 8.
1724 2977 1786 3021 12.
1833 3004 1888 3011 -
1933 2994 2041 3037 quae
2085 2986 2223 3023 mutas
2269 2980 2519 3026 accenderet

1465 3045 1628 3091 bestias,
1651 3043 1794 3088 XXV.
1828 3047 1889 3091 13.
1923 3046 1960 3091 7.
1999 3045 2175 3091 ducibus
2214 3048 2406 3093 accendit
2433 3064 2519 3092 ma-

1463 3113 1528 3170 gis
1564 3113 1735 3155 animos.
1766 3112 1845 3157 VI.
1885 3115 1951 3160 38.
1991 3115 2030 3157 9.
2076 3116 2258 3159 accensis
2300 3117 2515 3175 utrimque

1463 3180 1623 3222 animis.
1656 3180 1709 3220 V.
1737 3180 1803 3225 36.
1834 3181 1874 3225 5.
1911 3197 1991 3241 per
2024 3197 2070 3226 se
2096 3197 2293 3226 accensos
2320 3185 2518 3227 incitabat

1463 3247 1635 3292 animos
1667 3247 1742 3294 VI.
1777 3249 1840 3295 13.
1869 3250 1909 3296 5.
1938 3249 2172 3311 plurimum
2203 3249 2259 3296 ad
2288 3250 2517 3298 accenden-
