2881 3807
311 237 452 281 iussus
478 264 482 269 -
508 234 735 280 abscedere.
759 254 762 257 ·
793 243 820 277 a·
883 235 1118 279 moenibus.
1163 233 1380 277 XXXIX.

315 303 385 347 23.
430 306 458 349 9
500 302 772 359 abscedentes
816 305 869 345 ab
894 304 1000 361 ripa.
1044 302 1187 345 XLII.
1230 303 1298 343 62.
1345 305 1381 345 1.

319 371 537 428 extemplo
580 371 850 413 abscessurus
890 387 916 411 a
955 369 1187 410 moenibus.
1221 368 1380 409 XLIV.

322 437 384 483 19.
408 440 469 482 11.
489 436 711 481 abscedes
740 437 902 493 Capua.
932 435 1102 478 XXVI.
1127 437 1165 477 3.
1199 438 1260 477 11.
1291 436 1381 475 abs-

316 501 411 548 cedi
454 520 538 548 non
576 520 717 562 posse
744 505 797 546 ab
835 505 967 546 hoste.
1018 503 1169 545 XXII.
1208 503 1274 544 33.
1318 504 1382 545 10.

318 569 486 615 abscedi
521 588 548 614 a
576 569 741 629 Capua.
785 568 958 615 XXVI.
997 569 1036 615 8.
1066 572 1104 613 3.
1148 567 1383 624 (negantis)

321 637 550 696 vestigium
590 635 756 682 abscedi
793 636 846 681 ab
884 634 1141 689 Hannibale.
1188 632 1381 679 XXVII.

317 707 357 748 4.
380 708 416 749 1.
429 719 472 748 ‘a
499 704 738 749 MoeIIboea
765 704 1003 747 abscessum
1026 710 1100 748 est.
1129 701 1291 747 XLIV.
1321 701 1381 745 13.

316 774 359 817 6.
375 774 444 815 ‘ab
465 771 742 815 Demetriade
772 771 1010 814 abscessum
1033 778 1105 815 est.
1138 768 1299 814 XLIV.
1321 769 1381 811 13.

319 841 358 882 9.
401 855 427 880 a
455 839 678 881 moenibus
706 839 943 879 abscessum
984 844 1058 880 cst.
1089 836 1226 878 XLV.
1260 837 1320 879 11.
1345 836 1381 878 7.

322 922 455 963 quum
486 904 584 946 inde
622 905 831 949 abscessit.
861 905 1060 946 XXXII.
1082 906 1121 945 4.
1153 905 1189 944 7.
1219 908 1264 945 ut
1294 903 1383 942 abs-

318 971 490 1015 cesserit
547 969 645 1013 inde
691 969 883 1014 dictator.
924 969 1073 1012 XXII.
1120 970 1187 1012 25.
1229 968 1269 1010 8.
1314 968 1384 1010 ubi

319 1039 490 1082 Poenus
530 1037 629 1080 inde
656 1038 933 1080 abscessisset.
964 1036 1141 1082 XXIII.
1172 1037 1236 1081 20.
1270 1037 1303 1076 1.
1351 1035 1383 1076 si

322 1105 420 1149 inde
448 1104 724 1148 abscessisset.
754 1103 949 1147 XXVII.
970 1105 1003 1145 1.
1030 1104 1089 1150 14.
1122 1111 1263 1146 utrum
1293 1103 1382 1145 abs-

319 1173 475 1216 cessuri
514 1171 612 1214 inde
650 1171 804 1217 forent.
848 1170 1091 1215 XXXVII.
1135 1170 1197 1215 15.
1230 1173 1266 1214 1.
1309 1169 1382 1227 qui

319 1239 548 1284 abscedere
585 1237 683 1280 inde
721 1252 820 1280 eum
862 1237 1039 1282 iuberet.
1072 1236 1216 1280 XLII.
1244 1237 1310 1278 56.
1341 1238 1380 1282 3.

223 1301 233 1310 ’
319 1307 477 1366 procul·
515 1305 614 1348 inde
662 1304 902 1347 abscedere.
946 1303 1109 1346 XLIV.
1156 1306 1192 1347 7.
1233 1305 1269 1344 7.
1312 1304 1383 1344 ubi

319 1373 486 1419 abscedi
537 1370 636 1415 inde
690 1388 775 1414 non
829 1380 980 1428 posset.
1023 1370 1213 1413 XXXV.
1259 1371 1297 1412 6.
1343 1371 1382 1414 2.

319 1437 632 1486 abscedendum
670 1436 767 1482 inde
809 1437 1018 1483 censebat.
1048 1436 1219 1481 XXIV.
1252 1437 1314 1482 19.
1345 1437 1382 1478 6.

317 1534 372 1543 —-
400 1517 488 1566 qual
511 1519 651 1562 regno
679 1503 923 1550 abscedunt.
951 1502 1215 1549 XXXVIII.
1247 1503 1312 1548 38.
1345 1503 1382 1548 7.

315 1582 363 1620 ut
406 1574 550 1633 Scipio
598 1571 844 1616 abscederet
898 1570 993 1614 inde
1028 1569 1147 1614 irrito
1200 1570 1380 1627 incepto.

316 1641 488 1687 XXIX.
533 1641 600 1685 35.
647 1639 711 1682 12.
771 1639 805 1681 si
856 1637 1100 1681 abscederet
1155 1636 1381 1682 obsidione.

314 1707 531 1754 XXXVI.
560 1709 627 1750 35.
662 1712 699 1750 1.
738 1705 903 1765 Thyrio
930 1704 1135 1748 abscessit.
1166 1703 1382 1749 XXXVI.

317 1778 380 1822 12.
406 1779 468 1819 11.
498 1774 716 1817 obsidione
747 1773 954 1816 abscessit.
980 1771 1217 1814 XXXVII.
1247 1772 1313 1815 31.
1343 1773 1380 1812 ὕ.

314 1859 400 1887 non
424 1842 677 1885 militaribus
703 1840 776 1882 sed
805 1840 998 1881 civilibus
1019 1852 1190 1897 quoque
1220 1839 1377 1880 absces—

313 1919 425 1954 serat
455 1909 716 1952 muneribus.
747 1907 825 1950 IX.
857 1908 896 1949 3.
924 1907 963 1948 5.
1006 1905 1233 1948 abscedere
1264 1906 1381 1947 irrito

312 1979 496 2036 incepto,
526 1974 700 2018 XXVI.
743 1975 778 2014 7.
824 1974 864 2014 2.
922 1972 1150 2014 abscedere
1194 1971 1380 2014 custodia

311 2045 554 2102 prohibent.
569 2042 813 2084 XXXVII.
831 2042 897 2082 25.
915 2042 953 2083 2.
973 2040 1141 2096 Rhegio
1163 2039 1380 2097 extemplo

312 2114 549 2154 abscessum
588 2117 661 2152 est.
693 2108 864 2151 XXIV.
904 2109 940 2147 l.
981 2109 1043 2151 12.
1074 2132 1128 2138 -
1173 2114 1379 2162 quantum

310 2193 430 2222 mare
457 2175 721 2220 abscedebat.
751 2173 948 2217 XXVII.
977 2175 1043 2215 47.
1076 2176 1140 2216 11.
1178 2170 1248 2227 (ad
1278 2189 1319 2228 q.
1351 2171 1376 2216 l.

308 2244 395 2291 vid.
423 2243 579 2299 Drak.)
622 2240 709 2302 [De
737 2249 893 2288 constr.
937 2240 1220 2284 moenibus
1273 2246 1314 2281 et
1354 2256 1379 2281 a

252 2366 257 2372 ·
310 2312 593 2355 moenibus
622 2308 921 2352 abscedere
950 2308 1002 2350 cf.
1034 2307 1168 2350 Drak.
1204 2306 1257 2349 ad
1284 2306 1376 2349 Liv.

300 2379 447 2421 'X-LV.
479 2380 544 2421 11.
588 2375 642 2436 1.]

255 2446 510 2489 Abscido.
538 2450 668 2503 caput
687 2443 895 2486 abscisum
915 2440 1075 2500 spiculo
1105 2456 1272 2497 gerens.
1297 2440 1374 2483 IV.

311 2516 351 2558 9.
379 2515 420 2557 5.
456 2511 677 2555 brachium
718 2509 938 2552 abscisum.
981 2508 1060 2551 IV.
1103 2509 1169 2551 28.
1199 2509 1241 2552 8.
1283 2509 1375 2551 bra-

306 2582 411 2625 chiis
446 2578 626 2623 abscisis.
670 2576 845 2623 XXXI.
889 2577 957 2619 34.
986 2578 1027 2620 4.
1074 2578 1210 2635 capite
1245 2573 1375 2632 aegre

305 2647 561 2692 abscidendo
598 2655 767 2703 tempus
805 2645 981 2687 terebat.
1024 2643 1195 2686 XXIV.
1238 2645 1299 2686 15.
1333 2645 1372 2687 4.

304 2730 406 2774 pars
417 2715 529 2773 parti
539 2713 698 2757 abscisa
712 2721 815 2757 erat.
837 2711 969 2755 VIII.
986 2711 1052 2756 25.
1074 2712 1112 2752 5.
1130 2726 1207 2752 nec
1223 2719 1374 2752 natura

306 2782 534 2840 quicquam
571 2780 671 2823 satis
713 2777 895 2821 arduum
928 2786 1001 2821 aut
1030 2777 1236 2819 abscisum
1268 2786 1370 2821 erat.

312 2848 458 2892 XXV.
485 2847 551 2891 36.
583 2847 624 2890 6.
669 2862 771 2889 saxo
800 2846 972 2888 absciso.
1012 2843 1207 2890 XXXII.
1252 2845 1290 2889 4.
1331 2847 1370 2887 5.

303 2916 486 2959 abscisae
513 2928 645 2972 rupes
673 2920 807 2957 erant.
837 2911 1035 2957 XXXII.
1056 2912 1177 2958 5.12.
1208 2911 1369 2955 XLIV.

303 2983 398 3026 5.6.
426 2989 470 3025 et
498 2982 537 3025 6.
560 2981 599 3024 8.
632 2979 836 3024 miraculo
866 2979 1049 3022 abscisae
1078 2993 1227 3036 aquae.
1249 2978 1368 3023 XLI.

304 3049 427 3093 11.24.
457 3063 586 3106 quam
615 3063 752 3105 propc
779 3046 937 3089 abscisa
956 3060 1024 3087 res
1044 3053 1146 3087 erat.
1178 3044 1369 3087 XXXV.

300 3116 369 3159 32.
399 3116 439 3161 6.
483 3114 564 3158 alia
592 3129 669 3172 spe
699 3112 888 3171 undique
918 3112 1088 3157 abscisa.
1120 3111 1201 3157 IV.
1236 3112 1298 3154 10.
1329 3112 1368 3154 4.

299 3181 471 3228 XXIV.
512 3182 581 3226 30.
614 3181 677 3226 12.
719 3179 959 3223 XXXVII.
998 3179 1066 3222 41.
1097 3179 1134 3219 7.
1166 3193 1218 3219 ne
1250 3193 1369 3233 spem

298 3247 473 3308 regibus
501 3246 768 3292 absciderent
797 3244 944 3291 auxilii
971 3245 1048 3289 sui.
1079 3243 1216 3288 XLV.
1247 3244 1313 3289 25.
1330 3244 1368 3287 9.

1395 102 1458 152 10

1509 235 1582 277 illa
1609 236 1684 279 tibi
1724 242 1812 279 tota
1839 236 1974 280 oratio
2003 237 2179 281 abacis·
2186 242 2325 287 68101.
2333 236 2478 283 -XhV
2503 237 2571 289 37

1509 304 1547 348 9.
1564 318 1648 346 nos
1658 304 1846 347 omnium
1861 318 2007 349 rerum
2018 310 2257 364 respectum
2271 296 2572 368 praeterquam

1511 370 1716 412 victoriae
1745 370 1864 413 nobis
1886 370 2164 417 abscidamus.
2196 369 2278 417 IX.
2306 371 2375 415 23.
2395 370 2487 418 12
2499 365 2573 413 illa

1467 449 1472 454 ·
1506 445 1558 477 ut
1576 437 1747 495 quieqm
1735 437 1776 478 id
1788 438 2043 487 abiiceretur
2054 437 2302 482 abscideret.
2328 436 2570 483 XXXVII.
2592 482 2597 489 ,

1505 505 1576 544 41.
1607 505 1645 545 7.
1687 503 1772 560 [De
1802 505 1949 546 verbb.
1978 505 2260 547 abscidere
2288 511 2332 546 et
2358 504 2570 547 abscin—

1510 569 1638 612 dere
1667 570 1910 613 confusione
1938 572 1990 613 cf.
2020 571 2100 612 Dr.
2130 571 2182 612 ad
2211 570 2305 612 Liv.
2334 570 2482 614 XXX.
2503 573 2570 613 34.

1512 635 1577 690 4.,
1620 633 1674 680 de
1702 634 1939 680 abscisus
1978 645 2021 680 et
2047 636 2321 680 abscissus
2350 639 2477 681 eund.
2505 638 2570 679 ad.

1510 702 1589 748 IV'.
1622 703 1685 748 19.
1711 703 1749 748 5.
1779 700 1948 747 XXIV.
1977 701 2340 749 30.212.‘XXX1.
2364 705 2432 757 34.
2459 704 2500 750 4.
2531 713 2572 747 et

1511 769 1677 817 XLIV.
1696 770 1734 815 5.
1751 771 1789 816 5.
1822 768 1986 828 Optimi
2013 768 2112 815 Liv.
2138 769 2260 827 codd.
2281 771 2445 830 ubique
2463 772 2571 815 abs-

1510 836 1693 880 cidere
1736 836 2007 896 praeferunt‚
2053 836 2111 881 ita
2158 844 2205 883 ut
2244 837 2571 883 abscindere

1510 904 1559 944 in
1589 904 1683 946 Liv.
1715 903 1826 948 Hist.
1857 903 1943 960 legi
1972 903 2096 946 valde
2124 903 2177 946 sit
2204 902 2412 964 dubium]
2504 932 2506 934 ·

1456 970 1498 1011 A
1510 969 1537 1011 b
1547 984 1566 1010 s
1578 969 1589 1010 i
1601 985 1619 1011 s
1631 977 1647 1012 t
1658 985 1680 1013 e
1691 985 1712 1012 r
1721 985 1756 1013 e.
1807 984 1949 1027 neque
1960 1003 1971 1024 ‚
2002 970 2247 1027 priusquam
2268 970 2547 1015 debellavere
2559 1005 2569 1025 ,

1509 1035 1717 1079 absistam.
1756 1034 1920 1079 XLIV.
1959 1036 2027 1082 39.
2054 1036 2093 1083 9.
2134 1051 2214 1080 nec
2251 1033 2454 1082 absistens
2493 1053 2571 1081 nec

1508 1103 1800 1160 congrediens.
1833 1103 1982 1149 XXII.
2015 1096 2078 1147 18.
2107 1104 2148 1149 6.
2177 1118 2255 1148 nec
2277 1098 2571 1151 anteabstite-

1510 1177 1611 1213 runt
1650 1184 1777 1228 quam
1798 1206 1807 1216 .
1828 1206 1838 1216 .
1857 1203 1868 1214 .
1898 1170 2115 1216 XXXIV.
2144 1170 2183 1215 8.
2214 1172 2252 1215 2.
2290 1172 2472 1218 tandem
2499 1176 2571 1220 ab·

1508 1238 1722 1282 stiterunt.
1750 1238 1965 1281 XXXVI.
1995 1239 2061 1283 45.
2092 1239 2130 1281 3.
2164 1264 2210 1271 --
2244 1254 2321 1283 nec
2348 1249 2446 1286 ante
2474 1259 2570 1288 con-

1511 1304 1715 1346 tinuando
1776 1306 1932 1347 abstitit
1991 1307 2252 1363 magistratu.
2306 1308 2405 1352 IX..
2433 1311 2499 1355 34.
2529 1312 2567 1355 2.

1511 1387 1595 1413 non
1639 1380 1737 1412 ante
1780 1373 1976 1428 precibus
2016 1374 2173 1415 abstitit
2210 1389 2343 1434 quam
2379 1377 2570 1436 perricit.

1511 1437 1687 1483 XXIII.
1726 1440 1764 1483 9.
1794 1440 1832 1479 9.
1880 1454 1955 1494 spe
2000 1440 2114 1480 haud
2156 1436 2369 1484 absistens,
2399 1444 2569 1487 XXIV.

1510 1509 1576 1549 20.
1596 1509 1660 1550 15.
1679 1507 1755 1555 (ad
1768 1524 1808 1562 q.
1831 1506 1858 1549 1.
1876 1505 1961 1547 vid.
1978 1507 2099 1559 Intt.)
2113 1508 2231 1549 Nero
2244 1511 2572 1566 vestigiis-hostis

1513 1573 1742 1618 abstiterat.
1775 1569 1970 1617 XXVII.
1992 1573 2060 1614 42.
2090 1574 2154 1616 17.
2184 1575 2382 1618 absistere
2411 1577 2569 1623 furore.

1510 1639 1750 1684 XXXVII.
1775 1640 1841 1683 32.
1867 1640 1905 1683 9.
1937 1639 2139 1683 absistere
2172 1641 2569 1699 sequendocoe‘git.

1510 1705 1681 1752 XXIX.
1701 1707 1767 1751 33.
1787 1705 1823 1750 8.
1854 1705 1954 1763 (ubi
1983 1703 2068 1752 vid.
2094 1704 2265 1763 Drak.)
2284 1706 2483 1752 absistere
2510 1710 2568 1753 iis.

1509 1774 1724 1821 XXXVI.
1762 1775 1830 1819 27.
1880 1774 1919 1816 5.
1976 1781 2024 1817 ut
2060 1772 2309 1818 absisterent
2376 1774 2568 1833 imper-ie.

1509 1840 1774 1888 XXXVIII.
1811 1839 1875 1885 16.
1920 1839 1984 1884 15.
2042 1848 2088 1884 ut
2129 1840 2257 1884 armis
2308 1843 2567 1889 absisterent.

1507 1906 1746 1954 XXXVII.
1759 1907 1826 1955 60.
1838 1909 1879 1954 4.
1890 1921 1944 1950 ne
1955 1906 2066 1951 bello
2081 1907 2310 1951 absisteret.
2322 1908 2468 1953 XXX.
2482 1911 2518 1953 7.
2531 1912 2567 1953 7.

1505 1974 1617 2019 bello
1629 1975 1812 2019 absistat.
1835 1972 2031 2020 XXXII.
2060 1972 2177 2019 8.16.
2198 1973 2567 2024 etXXXVH.36.

1505 2044 1544 2088 8.
1561 2042 1762 2085 absistere
1781 2041 1903 2085 bello.
1923 2040 2071 2085 XLII.
2086 2041 2127 2085 5.
2147 2042 2186 2085 2.
2198 2042 2230 2085 si
2249 2057 2336 2086 non
2352 2044 2568 2089 absistere-

1506 2117 1576 2151 tur
1604 2108 1729 2151 bcllo.
1758 2107 1885 2151 XXI.
1903 2109 1942 2151 6.
1955 2109 1994 2151 8.
2023 2109 2123 2165 (ubi
2153 2109 2250 2152 vide
2264 2109 2393 2167 Intt.)
2423 2112 2466 2154 ni
2497 2113 2567 2156 ab

1503 2176 1671 2217 sistatur
1708 2176 1834 2219 bello.
1880 2175 2045 2219 XLIV.
2093 2176 2264 2219 19.14.
2311 2192 2397 2219 non
2451 2180 2568 2237 prius

1503 2258 1649 2300 pugna
1676 2241 1895 2286 abstiterit.
1926 2241 2102 2286 XXIII.
2137 2243 2198 2285 15
2240 2244 2302 2287 13.
2340 2253 2386 2287 ut
2421 2261 2567 2303 pugna
2600 2276 2602 2278 v

1503 2308 1720 2352 abstiterit.
1748 2307 1921 2352 XXXI.
1968 2310 2030 2355 17.
2077 2310 2138 2355 10.
2178 2310 2398 2354 absisteret
2433 2328 2565 2371 oppu-

1502 2376 1720 2431 gnatione.
1736 2375 1818 2420 IX.
1838 2375 1901 2421 15.
1922 2376 1961 2423 3.
1991 2383 2038 2419 ut
2055 2377 2375 2435 oppugnatione
2396 2379 2566 2424 absiste-

1503 2450 1581 2485 ret.
1609 2440 1826 2489 XXXVI.
1856 2444 1924 2489 25.
1965 2444 2003 2489 7.
2047 2443 2119 2498 (ad
2156 2459 2198 2501 q.
2236 2443 2263 2487 l.
2294 2445 2405 2489 conf.
2446 2447 2565 2501 Intt.)

1501 2510 1701 2553 absistere
1721 2510 2040 2569 oppugnatione
2054 2509 2222 2568 placuit.
2235 2511 2404 2556 XXIV.
2415 2513 2481 2557 34.
2504 2515 2564 2559 16.

1504 2576 1666 2619 XLIV.
1700 2577 1761 2620 13.
1792 2578 1829 2620 7.
1861 2584 1906 2621 ut
1932 2577 2251 2636 oppugnatione
2278 2579 2563 2627 absisteretur.

1501 2643 1823 2688 XXXV11.17.
1850 2646 1887 2690 7.
1916 2646 2116 2688 absistere
2132 2659 2204 2688 eos
2222 2645 2390 2704 incepto
2419 2649 2564 2694 vetuit.

1501 2710 1645 2753 XXV.
1684 2715 1727 2756 5.
1770 2713 1809 2754 5.
1862 2711 2063 2754 absistere
2106 2712 2274 2764 incepto
2318 2718 2563 2770 coegerunt.

1499 2777 1669 2821 XXXI.
1697 2779 1764 2823 26.
1795 2780 1833 2821 5.
1864 2778 1956 2833 (ubi
1985 2778 2073 2822 vid.
2103 2778 2225 2832 Intt.)
2252 2777 2451 2824 XXXII.
2468 2783 2507 2825 4.
2523 2784 2562 2827 2.

1497 2846 1654 2888 abstitit
1691 2854 1778 2888 tam
1802 2844 1951 2888 audaci
1978 2845 2159 2902 incepto.
2198 2844 2368 2889 XXVI.
2397 2847 2463 2891 38.
2498 2851 2563 2893 11.

1497 2911 1693 2956 celeriter
1738 2912 1895 2955 abstitit
1935 2912 2117 2969 incepto.
2163 2911 2381 2959 XXVIII.
2429 2915 2466 2957 6.
2503 2917 2561 2959 12.

1498 2979 1655 3020 abstitit
1691 2979 1873 3036 incepto.
1904 2977 2048 3021 XLII.
2079 2978 2144 3020 67.
2176 2979 2213 3021 7.
2263 2986 2308 3021 ut
2346 2981 2563 3025 absisteret

1498 3046 1678 3102 incepto.
1694 3044 1795 3090 XX.
1827 3044 1932 3087 XII.
1962 3046 2000 3088 4.
2027 3047 2066 3089 6.
2097 3060 2205 3088 vano
2235 3045 2402 3104 incepto
2430 3063 2561 3106 quum

1497 3111 1761 3156 abstitisscnt.
1809 3111 2051 3159 XXXVII.
2088 3114 2155 3157 27.
2194 3113 2233 3157 5.
2277 3113 2562 3157 absistendum

1498 3180 1724 3221 temerario
1762 3180 1929 3235 incepto
1957 3181 2028 3221 ait.
2064 3179 2196 3221 XXV
2246 3179 2309 3221 14.
2341 3183 2381 3223 2.
2409 3189 2561 3223 conatu

1498 3244 1667 3288 abstitit.
1697 3243 1917 3289 XXXIII.
1945 3245 1986 3290 5.
2016 3247 2056 3291 3.
2089 3271 2138 3278 -
2183 3248 2403 3291 absisteret
2429 3247 2561 3307 impe-
