2881 3807
1372 89 1436 141 12

315 225 403 281 bal)
444 224 609 283 proelio
639 224 851 267 abstinuit.
897 222 1024 268 XXI.
1066 225 1108 268 5.
1137 224 1175 268 9.
1213 223 1375 270 XLIV.

313 292 380 337 35.
398 293 464 337 23.
490 298 538 334 ut
555 290 793 344 abstineant
817 303 976 348 pugna.
994 289 1057 334 11.
1071 291 1139 334 45.
1158 291 1198 337 8,
1229 305 1376 349 pugna

311 359 521 401 abstinere
561 356 690 399 iussit.
719 354 897 400 XXIIL
925 357 993 400 44.
1027 356 1066 402 9.
1112 373 1258 415 pugna
1284 358 1376 400 abs-

311 424 479 468 tineret.
516 422 617 469 XL.
640 422 706 469 30.
737 423 776 474 5.
819 423 1060 469 abstinuere
1089 425 1191 468 acie.
1223 424 1281 468 11.
1309 426 1376 467 51.

312 493 352 538 4.
396 490 630 535 certamine
669 489 935 533 abstinuistis.
979 489 1058 533 IV.
1088 492 1127 535 5.
1159 493 1196 534 3.
1245 500 1375 536 certa-

310 559 426 602 mine
453 558 709 602 abstinuere.
738 556 960 601 XXXIII.
994 559 1029 600 7.
1060 559 1099 601 5.
1142 559 1371 603 abstineret

310 634 451 685 portu.
491 624 682 669 XXXV.
720 625 787 670 39.
828 625 868 669 6.
926 626 1192 669 abstineretis
1236 627 1373 673 armis.

309 693 508 739 XXXII.
537 695 606 738 21.
632 694 699 737 33.
749 691 819 735 ubi
862 707 940 735 nec
973 693 1055 735 alio
1086 694 1257 736 animali
1286 695 1374 736 abs-

310 762 508 806 tinerent.
536 759 713 803 XXIII.
750 757 812 800 19.
846 760 907 801 13.
951 761 1061 802 vocis
1103 761 1375 818 usurpatione

308 827 582 871 abstinerent.
611 825 806 870 XXVII.
846 827 909 871 19.
938 826 978 871 5.
1011 834 1056 869 ut
1096 827 1255 884 praeda
1284 828 1374 869 abs-

308 894 506 936 tinerent.
551 893 652 935 VII.
695 893 762 938 37.
814 894 875 937 13.
943 892 1100 950 praeda
1165 893 1372 937 abstinuit.

308 959 506 1004 XXVII.
529 960 591 1003 16.
610 961 650 1003 8.
681 967 726 1002 ut
746 976 853 1016 agro
868 959 1128 1002 abstinerent
1157 959 1373 1003 XXXIX.

309 1027 379 1071 36.
396 1026 435 1070 9.
464 1050 518 1061 ·-
564 1031 610 1070 ut
637 1026 812 1070 urbibus
855 1026 1126 1070 abstinerent.
1152 1025 1370 1070 XXXIX.

308 1094 377 1138 36.
413 1093 452 1135 9.
498 1093 604 1137 urbe
647 1094 856 1150 (munita)
896 1092 1108 1138 abstinuit.
1157 1094 1191 1140 l.
1239 1094 1302 1137 15.
1329 1094 1368 1138 4.

310 1160 553 1204 XXXVII.
568 1162 635 1203 21.
651 1162 690 1203 4.
720 1175 775 1202 ne
793 1160 995 1203 Romanis
1025 1160 1197 1218 quidem
1227 1175 1368 1205 exem-

307 1228 390 1286 plis
416 1227 609 1270 abstinui.
626 1226 721 1269 XL.
740 1227 778 1269 8.
800 1228 864 1270 14.
891 1226 1141 1284 spoliatione
1158 1227 1367 1271 abstinuit.

204 1281 217 1297 ’
307 1294 482 1338 XXIX.
497 1294 537 1337 8.
556 1294 595 1337 9.
626 1294 747 1351 regio
778 1294 949 1338 nomine
965 1294 1175 1339 abstinuit.
1196 1294 1369 1338 XXIX.

307 1363 375 1408 29.
424 1364 487 1405 11.
572 1360 701 1405 caede
771 1362 995 1405 obviorum
1061 1362 1366 1405 abstinuerunt.

307 1428 529 1472 XXVIII.
571 1429 612 1472 3.
644 1429 708 1472 14.
749 1428 1068 1485 oppugnatione
1114 1428 1366 1471 abstinuere.

310 1496 390 1540 VI.
419 1496 487 1540 22.
516 1496 555 1538 3.
593 1494 696 1540 VII.
728 1496 765 1540 7.
802 1495 843 1538 5.
887 1494 1072 1538 Tarento
1120 1511 1204 1538 non
1245 1495 1368 1537 absti-

306 1576 549 1615 nueramus,
579 1561 686 1605 sieut
714 1577 827 1605 nunc
852 1562 1046 1618 Sagunto
1075 1577 1157 1603 non
1190 1562 1366 1603 abstine-

305 1644 410 1671 mus.
439 1628 566 1671 XXI.
601 1631 666 1671 10.
693 1628 731 1672 8.
763 1629 915 1684 quibus
943 1629 1233 1671 abstinuerant
1263 1638 1366 1674 tem—

304 1695 397 1755 plis.
441 1693 684 1739 XXXVII.
722 1696 789 1739 21.
828 1695 864 1738 7.
911 1695 1177 1738 abstinuisset
1219 1695 1364 1753 Epiro.

296 1762 513 1807 XXXVI.
544 1764 583 1807 5.
603 1762 642 1806 6.
672 1761 848 1819 Europa
875 1762 1094 1805 abstinete.
1127 1761 1365 1805 XXXVII.

302 1830 453 1873 4514.
484 1830 698 1872 abstinere
728 1830 837 1871 iocis.
866 1828 944 1872 IV.
962 1830 1028 1871 44.
1064 1831 1126 1872 12.
1156 1829 1365 1872 abstinere

301 1895 499 1939 conciliis.
530 1896 582 1938 V.
612 1896 680 1939 43.
718 1897 760 1939 8.
795 1895 923 1938 sacris
964 1895 1190 1937 abstinere.
1238 1896 1363 1939 VIII.

303 1963 366 2008 15.
395 1962 435 2006 8.
464 1963 676 2006 abstinere
705 1962 821 2008 Asia.
861 1960 1077 2005 XXXIV.
1108 1962 1175 2007 58.
1206 1963 1244 2005 6.
1274 1964 1363 2004 abs-

300 2032 437 2073 tinere
475 2030 552 2075 his.
567 2029 832 2072 XXXVIII.
850 2030 917 2073 31.
935 2030 973 2072 2.
1004 2029 1218 2071 abstinere
1243 2045 1362 2086 agro.

300 2095 445 2140 XLII.
476 2098 541 2141 12.
571 2096 610 2140 8.
644 2097 855 2138 abstinere
883 2096 1023 2140 armis.
1055 2096 1200 2141 XLlI.
1227 2096 1293 2142 29.
1324 2099 1363 2140 3.

297 2164 509 2207 abstinere
537 2179 589 2206 eo
616 2162 733 2220 quod
765 2163 893 2205 vitale
921 2163 985 2208 sit.
1021 2164 1097 2206 VI.
1112 2166 1177 2206 40.
1211 2165 1274 2206 12.
1302 2164 1362 2205 in-

300 2231 529 2275 sectatione
558 2231 783 2275 abstinens.
804 2230 864 2276 11.
879 2232 947 2273 56.
966 2232 1005 2275 5.
1037 2239 1159 2287 tergo
1189 2231 1360 2288 quidem

296 2298 598 2341 abstinebatur.
614 2296 700 2342 III.
727 2298 792 2340 37.
810 2297 849 2341 8.
880 2298 1033 2355 quibus
1061 2299 1359 2341 abstinebatur.

297 2365 352 2409 V.
382 2365 448 2409 47.
477 2366 517 2411 4.
562 2372 608 2408 ut
637 2363 911 2408 seditionibus
951 2365 1242 2407 abstineretur.
1273 2364 1358 2408 III.

300 2433 365 2477 10.
395 2432 431 2474 7.
462 2438 509 2475 ut
535 2446 655 2474 sacro
684 2446 788 2476 auro
816 2430 1111 2476 abstineretur.
1141 2431 1191 2473 V.
1223 2432 1289 2474 50.
1321 2432 1357 2473 7.

296 2506 344 2542 ut
371 2513 426 2542 ne
441 2498 596 2542 divinis
615 2497 787 2555 quidem
818 2497 1049 2541 honoribus
1062 2498 1357 2541 abstineretur.

293 2565 514 2610 XXXIX.
542 2566 610 2608 50.
626 2565 664 2607 9.
693 2571 739 2608 ut
769 2577 823 2607 ne
852 2564 951 2621 ipsis
981 2563 1154 2621 quidem
1183 2562 1357 2608 ducibus

290 2633 586 2675 abstineretur.
617 2631 752 2675 XL.7
786 2633 827 2676 3.
858 2629 1028 2687 quando
1058 2630 1352 2674 abstinendum

276 2709 438 2756 *pugna
465 2699 529 2741 sit.
558 2697 724 2743 XLIV.
752 2698 818 2741 36.
852 2698 914 2741 13.
963 2698 1007 2739 in
1056 2697 1104 2738 iis
1152 2696 1354 2742 beneficio

290 2780 340 2808 ae
367 2764 574 2808 maleficio
608 2765 810 2807 abstineri
850 2779 1035 2822 aequum
1078 2772 1259 2806 censent.
1301 2763 1352 2807 V.

290 2832 330 2874 3.
359 2831 398 2875 8.
429 2855 480 2868 «ι-
509 2832 564 2876 ab
593 2832 708 2876 omni
738 2831 952 2876 mentione
980 2831 1226 2874 abstinebat.
1258 2829 1350 2874 XL.

286 2900 422 2946 20..6.
461 2906 509 2944 ut
544 2917 570 2943 a
597 2899 847 2957 Saguntinis
874 2899 1117 2942 abstineret.
1149 2898 1279 2942 XXI.
1310 2902 1350 2941 6.

286 2967 326 3012 4.
356 2979 411 3010 ne
438 2967 492 3011 ab
507 2966 721 3011 obsidibus
743 2964 915 3024 quidem
946 2965 1008 3009 ira
1022 2965 1123 3009 belli
1141 2965 1349 3009 abstinuit.

285 3032 347 3076 11.
365 3033 429 3077 16.
444 3033 483 3079 9.
498 3033 593 3088 (ubi
607 3033 692 3079 vid.
705 3032 828 3077 Drak
839 3035 870 3087 ς)
884 3047 937 3076 ne
948 3033 1001 3076 ab
1012 3032 1165 3089 legatis
1177 3032 1348 3089 quidem

286 3099 495 3142 violandis
521 3100 731 3144 abstinuit.
763 3099 824 3143 ΙΙ.
852 3100 919 3145 22.
949 3100 990 3142 4.
1027 3114 1053 3141 a
1081 3098 1235 3155 legatis
1264 3100 1349 3142 vio-

285 3165 420 3208 landis
447 3166 673 3209 abstinere.
703 3165 922 3211 XXXIX.
951 3166 1019 3211 25.
1051 3165 1114 3207 10.
1148 3180 1172 3207 a
1199 3166 1349 3208 ceteris

283 3232 499 3279 abstinuit.
538 3232 593 3277 V.
622 3233 688 3277 47.
723 3233 786 3279 10.
830 3232 944 3293 quod
988 3248 1014 3276 a
1040 3232 1160 3276 sociis
1198 3246 1346 3277 eorum

1500 223 1792 269 abstinuerim.
1819 222 2019 269 XXXII.
2047 224 2193 285 34⁴5·
2221 239 2263 268 ,ι
2307 239 2392 282 qua
2427 231 2565 269 aetate

1502 290 1630 341 etiam
1658 289 1800 336 hostes
1821 291 2060 336 abstinere.
2083 289 2258 335 XXIV.
2283 289 2351 337 26.
2383 291 2447 335 11.
2470 289 2564 348 (ur-

1502 355 1594 413 bes)
1622 371 1647 399 a
1661 356 2155 414 quium·abstiner05unsi
2176 364 2317 405 erant.
2341 350 2562 412 XXXIX.

1501 422 1571 467 36.
1601 424 1667 467 10.
1696 430 1742 467 ut
1770 423 1824 467 ab
1851 422 2004 468 inermi
2032 423 2303 482 abstineatur.
2334 422 2387 471 V.
2406 426 2473 472 21.
2496 425 2562 469 13.

1503 490 1833 535 abstinebatura
1850 490 2052 549 patribus.
2079 491 2165 538 111.
2181 491 2249 549 36.
2269 491 2309 538 7.
2336 493 2389 536 ab
2418 493 2561 538 aetati-
2626 522 2629 525 Δ

1501 558 1578 601 bus
1591 556 1893 602 abstinebatur.
1905 548 2034 606 V.25'.
2048 560 2087 605 3.
2103 575 2148 595 ιι·-
2169 566 2300 616 aegre
2307 559 2536 619 abstinent.
2551 595 2562 607 .

1500 625 1603 684 quin
1639 631 1904 689 oppugnent.
1948 625 2011 674 IL
2038 627 2425 686 45...1·0.vmu1tum
2463 644 2560 675 con·
2613 626 2616 629 ’

1498 692 1610 736 sules
1631 706 1676 735 se
1690 691 1966 748 abstinebant,
1995 706 2055 737 ne
2070 728 2080 739 .
2101 713 2129 740 .·
2143 696 2357 744 offerrent.
2387 695 2472 740 111.
2491 698 2555 740 11.

1499 759 1540 804 5.
1581 765 1725 802 utrum
1771 761 2132 816 perseverandum
2168 778 2239 806 an·
2265 762 2558 807 abstinendum

1498 825 1562 868 sit.
1605 823 1699 867 XL.
1728 825 1796 869 21.
1826 825 1866 866 4.
1894 824 2078 884 [Restat
2116 827 2244 872 loeus.
2276 831 2311 873 I.
2339 833 2375 873 1.
2409 834 2446 876 1.
2488 832 2559 876 ubi

1497 890 1646 950 optimi
1674 889 1794 933 codd.
1823 890 2002 937 habent:
2042 893 2206 939 duobus
2234 897 2410 942 Aeneae
2424 899 2558 943 Ante-

1499 958 1728 1014 norique..
1747 989 1757 1001 .
1795 973 1922 1001 omne
1964 959 2029 1002 ius
2067 960 2167 1004 belli
2204 963 2394 1007 Achivos
2435 965 2559 1007 absti-

1499 1023 1658 1078 nuisse,
1714 1038 1824 1081 quae
1866 1026 2135 1073 construendi
2180 1028 2308 1072 ratio.
2329 1030 2456 1089 plane
2496 1041 2559 1076 est

1496 1090 1672 1134 insolita.
1701 1089 1772 1134 Ad
1803 1091 1844 1135 h.
1873 1091 1901 1135 l.
1930 1092 1982 1136 ef.
2011 1092 2132 1152 Intt.]

1441 1159 1483 1201 A
1493 1157 1520 1200 b
1529 1172 1548 1200 s
1559 1172 1587 1201 u
1597 1172 1636 1201 m
1649 1173 1672 1202 e
1684 1172 1707 1200 r
1717 1174 1753 1203 e.
1816 1160 2046 1217 absumptis
2061 1212 2063 1215 Ι
2099 1160 2275 1219 frugum
2330 1141 2551 1211 alimentis.

1493 1224 1671 1271 XXIII.
1699 1227 1767 1269 30.
1798 1227 1837 1268 3.
1887 1226 2151 1272 frumentum
2193 1228 2396 1274 incendiis
2439 1234 2554 1278 urbis

1494 1292 1829 1351 absumpserant.
1861 1292 1912 1336 V.
1942 1293 2010 1337 43.
2039 1294 2078 1341 4.
2117 1302 2322 1353 quantum
2353 1298 2556 1345 frumenti

1493 1358 1632 1401 classis
1660 1360 1751 1417 ipsa
1790 1361 2067 1409 absumebat,
2093 1361 2264 1406 XXVI.
2304 1365 2370 1409 20.
2399 1367 2438 1410 9.
2469 1381 2552 1410 ma-

1491 1440 1623 1480 gnam
1662 1426 1747 1468 vim
1776 1426 1979 1470 frumenti
2007 1427 2184 1472 absumi.
2212 1430 2389 1477 XXIII.
2420 1434 2485 1480 12.
2516 1437 2555 1476 4.

1493 1490 1676 1534 velocius
1711 1507 1783 1536 eos
1819 1493 2118 1550 absumpturos
2145 1496 2443 1550 (frumentum)
2471 1500 2552 1559 Ep.

1493 1556 1681 1600 XLVII.
1730 1558 1845 1616 quod
1884 1559 1973 1602 vini
2000 1560 2270 1619 absumptum
2300 1572 2401 1612 erat.
2433 1565 2553 1610 XLI.

1490 1625 1530 1665 4.
1558 1625 1597 1665 4.
1639 1625 1754 1667 iecur
1782 1625 2122 1672 inenarrabiliter
2166 1629 2451 1689 absumptum.
2495 1635 2552 1679 ib.

1495 1692 1557 1735 13.
1597 1691 1635 1733 2.
1690 1692 1827 1735 imber
1869 1692 2057 1749 iumenta
2100 1703 2143 1740 et
2191 1696 2440 1755 elephantos
2482 1703 2552 1744 ab-

1490 1759 1681 1816 sumpsit.
1713 1758 1839 1804 XXI.
1868 1760 1935 1801 56.
1964 1760 2003 1801 6.
2048 1761 2227 1806 fulmine
2269 1764 2435 1810 Tullius
2479 1769 2552 1811 ab—

1489 1833 1694 1883 sumptus.
1724 1825 1804 1883 Ep.
1844 1825 1881 1868 I.
1926 1841 2023 1883 pars
2070 1842 2226 1885 magna
2264 1831 2440 1876 flumine
2480 1835 2550 1877 ab·

1488 1899 1669 1949 sumpta.
1708 1891 1834 1936 XXI.
1871 1892 1913 1936 5.
1945 1893 2008 1939 15.
2054 1895 2295 1951 gurgitibus
2340 1899 2549 1957 absumpti

1489 1965 1597 2001 sunt.
1627 1958 1754 2003 XXI.
1783 1959 1850 2004 56.
1881 1960 1921 2004 4.
1951 1974 2098 2018 pugna
2127 1961 2280 2007 multos
2308 1964 2548 2025 absumpse-

1490 2032 1568 2069 rat.
1598 2025 1743 2068 XLII.
1773 2028 1811 2070 7.
1849 2026 1887 2069 8.
1926 2041 2057 2084 quum
2097 2034 2261 2072 tantum
2307 2040 2546 2077 senatorum

1491 2092 1694 2137 adversae
1723 2106 1894 2151 pugnae
1922 2093 2260 2152 absumpsissent.
2287 2096 2462 2143 XXIII.
2480 2101 2546 2146 22.

1488 2162 1527 2205 3.
1559 2159 1829 2219 populatores
1848 2159 2047 2219 reliquias
2072 2177 2245 2221 pugnae
2261 2164 2546 2226 absumpsere.

1488 2227 1543 2269 V.
1556 2229 1635 2271 ’13.
1668 2229 1732 2271 12.
1776 2228 1987 2285 proelium
2016 2229 2291 2275 fortissimum
2329 2245 2544 2293 quemque

1485 2294 1677 2337 absumit.
1704 2294 1786 2338 IX.
1815 2296 1882 2341 32.
1911 2298 1953 2342 8.
1999 2296 2144 2340 liberis
2172 2299 2404 2345 cultoribus
2433 2303 2545 2347 bello

1484 2361 1728 2419 absumptis.
1766 2362 1986 2408 XXVIII.
2037 2367 2100 2410 11.
2137 2365 2176 2407 9.
2220 2368 2546 2425 imperatoribus

1485 2443 1567 2470 uno
1598 2427 1707 2471 bello
1736 2429 1978 2488 absumptis.
2018 2432 2072 2477 ib.
2102 2432 2167 2475 28.
2203 2434 2264 2480 12.
2311 2451 2418 2493 quos
2459 2437 2543 2480 bel-

1482 2494 1570 2537 lum
1599 2495 1843 2554 absumpsit.
1873 2496 2104 2548 XXXLJ.
2128 2500 2189 2542 10.
2220 2501 2293 2557 qui
2314 2503 2544 2559 sepelirent

1482 2560 1591 2605 bello
1634 2562 1889 2621 absumptos.
1918 2563 2027 2608 tibid.
2056 2566 2123 2611 24.
2151 2567 2191 2609 3.
2222 2567 2543 2627 absumpserant

1480 2629 1678 2671 continua
1715 2629 1826 2673 bella
1871 2629 2137 2675 Macedonas.
2181 2632 2404 2679 XXXIII.
2432 2637 2473 2682 3.
2501 2639 2540 2682 2.

1481 2694 1676 2738 mortales
1719 2695 1835 2740 ferro
1879 2696 2057 2754 ignique
2099 2699 2312 2758 absumpti
2347 2710 2455 2747 sunt.
2488 2704 2539 2747 V.

1479 2761 1516 2803 7.
1547 2761 1585 2803 3.
1635 2762 1797 2819 Astapa
1833 2762 1948 2806 ferro
1992 2763 2166 2823 ignique
2203 2768 2426 2828 absumpta
2463 2781 2538 2816 est.

1477 2826 1696 2873 XXVIII.
1726 2831 1792 2876 24.
1812 2830 1850 2873 5.
1880 2830 1913 2873 si
1942 2830 2113 2875 flamma
2142 2848 2342 2893 magnam
2371 2845 2538 2896 partem

1479 2898 1593 2940 urbis
1636 2898 1830 2940 absumit.
1864 2898 1915 2941 V.
1944 2899 2012 2940 54.
2053 2902 2088 2942 1.
2128 2901 2299 2945 flamma
2336 2905 2538 2964 ferroque

1476 2964 1700 3022 absumpti.
1746 2963 1894 3008 XXX.
1943 2966 1981 3009 6.
2026 2968 2064 3011 9.
2115 2969 2230 3013 ferro
2280 2970 2537 3030 flammaque

1475 3030 1617 3074 omnia
1644 3030 1878 3089 absumpta.
1896 3031 2086 3079 XXXV.
2106 3036 2172 3078 27.
2191 3037 2229 3079 8.
2258 3037 2438 3081 flammis
2466 3040 2536 3081 ab·

1474 3097 1594 3140 sumi.
1635 3096 1783 3142 XXX.
1815 3098 1851 3141 7.
1892 3099 1932 3144 9.
1969 3100 2079 3157 ignis
2115 3119 2232 3145 saera
2270 3105 2535 3162 profanaque

1475 3164 1608 3207 multa
1636 3164 1878 3223 absumpsit.
1922 3165 2094 3213 XXIV.
2122 3170 2189 3216 47.
2222 3171 2287 3216 16.
2318 3170 2434 3214 ferro
2463 3172 2534 3215 ab·

1472 3232 1641 3290 sumpti.
1671 3231 1725 3279 ib.
1750 3232 1788 3279 6.
1809 3233 1847 3280 6.
1879 3232 2101 3279 dimidium
2124 3237 2286 3283 ferrum
2316 3239 2533 3299 famesque
