2881 3807
315 204 531 251 abnuente
567 202 746 247 Alcone.
804 201 929 245 XXI.
990 202 1053 247 12.
1097 203 1137 244 6.
1197 201 1384 250 abnuen-

316 280 403 316 tem
419 269 527 328 cogi.
557 268 749 313 XXXV.
769 271 833 312 13.
853 269 893 312 9.
932 269 1188 311 abnuentem
1207 268 1385 311 alteram

1512 201 1615 244 dare
1660 214 1748 246 non
1797 201 2045 247 abnuerent.
2089 200 2360 248 XXXVIII.
2401 203 2466 251 16.
2486 205 2566 252 13.

1512 268 1586 327 qui
1614 268 1761 313 venire
1789 267 1843 312 ad
1885 283 1930 313 se
1958 269 2206 314 abnuerent.
2235 268 2401 316 XLIV.
2429 270 2498 314 43.
2527 272 2567 318 7.

321 337 561 382 societatem
595 336 717 394 sequi
743 349 913 379 necesse
948 335 1014 378 sit.
1056 334 1228 379 XXIX.
1254 335 1321 380 23.
1342 336 1382 381 9.
1457 334 1711 380 Abolere.
1739 343 1850 379 utea
1876 334 1949 380 lex
1966 335 2219 383 aboleretur.
2236 335 2322 395 Ep.
2349 335 2566 384 XXXIV.

317 402 520 462 Scipione
531 403 759 447 abnuente.
769 401 988 448 XXVIII.
1004 402 1066 446 18.
1078 402 1116 448 3.
1133 401 1257 445 Bruti
1268 400 1383 446 haud

315 469 464 513 abnuit
490 484 743 526 cognomen.
775 470 813 514 I.
836 469 903 511 56.
920 469 957 511 8.
987 470 1047 511 sic
1075 469 1194 528 plebs
1222 470 1381 512 abnuat

318 535 535 582 dilectum.
573 536 660 582 III.
703 537 770 583 38.
816 539 879 581 10.
922 536 1109 579 abnuere
1151 542 1381 580 certamen.

314 602 411 648 vlt.
446 604 507 648 10.
527 605 563 651 1.
595 602 709 647 liaud
723 603 950 661 quicquam
979 602 1369 647 abnuer0.111.51.

322 671 360 714 2.
410 669 593 714 Cumani
631 669 736 712 nihil
778 670 979 713 abnuere.
1022 668 1197 714 XXIII.
1235 669 1302 713 35.
1342 670 1381 711 4.

322 736 426 779 nihil
455 735 596 795 palam
639 737 827 779 abnuere
857 735 1068 779 Evander.
1098 734 1236 780 XLV.
1260 736 1381 782 5.10.

315 802 483 848 mollius
530 802 679 848 eadem
723 802 794 846 illa
820 803 1023 847 abnuere.
1060 801 1208 846 XXX.
1263 807 1303 852 3.
1344 808 1380 848 7.

315 885 462 929 pacem
490 886 578 916 non
605 870 807 915 abnuere.
839 868 987 917 XXX.
1018 870 1080 915 16.
1109 870 1148 917 9.
1177 872 1381 931 aecipien-

1510 401 1784 449 tentationem
1825 418 1918 447 eam
1957 402 2050 448 fore
2085 401 2282 459 abolendi
2315 403 2395 447 sibi
2431 404 2567 462 magi-

1510 476 1676 514 stratus.
1700 469 1788 514 111.
1825 470 1893 516 38,
1937 471 1975 514 7.
2017 469 2180 530 impelli
2218 469 2273 514 ad
2313 469 2566 516 abolendam

1509 536 1761 596 societatem.
1795 536 1920 580 V111.
1937 538 2007 582 27.
2026 537 2277 582 ·5.·abolere
2303 537 2452 595 flagitii
2479 551 2566 582 me-

1510 603 1684 645 moriam
1716 618 1825 646 nova
1851 602 2001 659 gloria.
2032 602 2135 647 VII.
2170 604 2231 647 13.
2250 605 2291 649 4.
2320 611 2367 647 ut
2395 618 2566 647 omnem

1508 668 1767 727 disciplinam
1796 668 2026 724 abolerent.
2055 669 2284 714 XXXIX·
2305 670 2368 714 16.
2397 669 2438 716 8.
2480 685 2565 728 quo

1510 735 1713 780 maturius
1741 736 1973 793 ignominia
1992 736 2248 782 aboleretur.
2277 736 2341 793 X.
2354 737 2393 781 2.
2410 739 2451 781 4.
2480 751 2565 796 quo

1509 803 1667 847 occasio
1694 802 1933 848 abolendae·
1953 804 2212 861 ignominiae
2251 803 2316 852 sit.
2346 804 2493 863 XXV.
2522 799 2561 848 6.

1511 871 1575 915 18.
1603 870 1742 930 pudor
1757 872 1874 930 prior
1901 871 2050 929 flagitii
2068 871 2247 916 abolitus
2275 879 2350 916 est.
2380 872 2460 932 Ep.
2481 871 2562 917 IX.

317 936 413 982 dam
452 937 777 983 abnuendamve
815 954 962 996 paceni
990 952 1090 984 esse.
1135 937 1282 986 XXX.
1313 942 1379 988 23,
1455 939 1804 983 Aboleseere.
1842 954 1938 982 cum
1967 953 2123 982 nomen
2159 954 2331 997 quoque
2360 946 2578 983 vetustate.

313 1005 353 1047 4.
395 1005 624 1065 imperium
670 1005 873 1054 abnuere.
912 1005 1084 1050 XXXI.
1123 1007 1189 1049 40.
1227 1008 1266 1052 2.
1309 1009 1380 1051 ab·

317 1078 476 1118 nuente
505 1072 590 1116 iam
628 1070 753 1130 plebe
781 1071 1021 1131 imperium.
1042 1073 1127 1120 III.
1150 1074 1216 1117 66.
1249 1075 1287 1118 3.
1317 1075 1379 1117 sin

314 1140 415 1199 imp.
464 1139 725 1183 abnuerent.
753 1138 881 1183 VIII.
913 1140 951 1185 2.
984 1142 1047 1187 11,
1096 1141 1196 1198 imp.
1243 1137 1379 1198 auspi—

317 1207 517 1264 ciumque
557 1205 771 1248 abnuistis.
816 1204 1037 1266 XXVIII.
1079 1207 1146 1251 27.
1170 1207 1208 1251 4.
1253 1207 1379 1252 urbes

312 1274 414 1329 imp.
443 1272 699 1315 abnuerunt.
730 1271 920 1314 XXXV.
958 1274 1026 1319 31.
1061 1274 1123 1315 10.
1168 1274 1225 1316 sie
1261 1275 1378 1333 plebs

312 1339 470 1381 abnuat
494 1337 707 1381 dilectum.
744 1339 830 1383 III.
863 1340 931 1382 38.
965 1342 1025 1382 10.
1056 1356 1151 1381 cuin
1183 1343 1372 1385 militiam

313 1422 399 1450 non
434 1404 660 1452 abnuisset.
691 1405 771 1449 IV.
807 1407 875 1450 53.
919 1407 957 1448 9.
1002 1416 1123 1450 aucta
1168 1417 1259 1452 arte
1299 1426 1377 1453 nec

312 1470 526 1517 abnuendi
569 1471 652 1516 tale
689 1472 916 1530 quicquam
966 1489 1042 1521 nec
1082 1475 1220 1530 palam
1261 1477 1375 1519 affir-

312 1538 469 1585 mandi.
487 1538 658 1584 XXVI.
676 1539 738 1584 19.
757 1540 808 1586 8.
828 1539 894 1584 cui
925 1547 1135 1585 certamen
1174 1543 1374 1586 abnuenti

308 1606 481 1664 gravius
521 1606 708 1652 instaret.
748 1606 941 1653 XXVII.
981 1607 1019 1652 4.
1050 1607 1088 1652 l.
1132 1626 1239 1652 unus
1282 1626 1373 1653 eam

308 1687 400 1715 rem
427 1674 653 1717 abnuebat.
682 1672 882 1719 XXVII.
913 1674 991 1719 34..
1008 1676 1071 1720 12.
1102 1676 1174 1731 qui
1203 1676 1373 1719 societa-

307 1746 393 1782 tem
417 1739 631 1783 abnuisset
644 1739 896 1786 Romanam.
919 1739 1061 1784 XXV.
1089 1743 1147 1785 12.
1169 1742 1207 1784 9.
1239 1759 1369 1801 quum

307 1805 566 1865 colloquium
610 1806 726 1849 haud
767 1807 990 1849 abnuisset.
1034 1808 1181 1851 XXX.
1229 1811 1295 1856 29.
1333 1810 1372 1854 8.

309 1872 534 1915 amicitiam
548 1872 818 1916 abnuendam
830 1872 1133 1917 Romanorum.
1146 1874 1367 1920 XXXIII.

312 1938 375 1983 16.
406 1940 470 1981 11.
509 1938 562 1982 de
596 1938 943 1982 societatebaud
972 1940 1164 1983 abnuunt
1194 1941 1374 1986 barbari.

310 2005 368 2049 X.
399 2006 464 2049 10.
493 2005 533 2047 8.
567 2029 615 2038 -—
662 2021 740 2049 nec
768 2006 988 2056 abnuitur,
1031 2006 1089 2049 ita
1115 2007 1257 2051 fuisse.
1289 2009 1373 2053 ΙΙΙ.

312 2072 378 2131 72.Ι
398 2072 438 2116 7.
467 2072 719 2128 abnuentes,
746 2072 961 2131 publicum
991 2073 1117 2117 fuisse
1140 2075 1372 2118 consilium.

311 2137 387 2181 VI.
425 2139 464 2182 6.
502 2137 543 2183 5.
587 2138 702 2182 baud
744 2139 909 2193 abnuo,
955 2141 1180 2196 egregium
1222 2141 1374 2185 ducem

304 2206 431 2250 fuisse
469 2205 783 2251 Alexandrum.
827 2205 909 2249 IX.
951 2206 1014 2247 17.
1054 2207 1093 2251 5.
1145 2207 1258 2249 haud
1301 2210 1371 2251 ab-

306 2280 464 2317 nuente
492 2272 697 2317 dictatore
725 2272 789 2316 ius
818 2285 921 2315 esse.
951 2271 1033 2317 IX.
1063 2273 1130 2318 26.
1160 2274 1199 2320 9.
1230 2282 1370 2319 ortum

302 2353 494 2385 errorem
537 2339 652 2384 haud
691 2338 926 2384 abnuerim.
967 2338 1022 2383 X.
1063 2340 1102 2384 3.
1140 2342 1179 2385 4.
1226 2343 1370 2401 Appio

303 2406 529 2463 abnuente,
557 2406 702 2450 missas
717 2405 931 2462 (litteras).
964 2405 1021 2451 X.
1051 2407 1111 2451 18.
1131 2409 1168 2453 7.
1198 2409 1370 2468 quidam

306 2474 561 2531 abnuentes,
605 2474 817 2519 iuraturos
844 2486 903 2519 se.
934 2472 987 2517 X.
1019 2475 1086 2520 38.
1117 2477 1178 2519 11.
1207 2484 1370 2520 secutu-

304 2556 375 2586 ros
391 2541 636 2594 abnuentes.
665 2539 815 2585 XXX.
830 2540 898 2587 20.
910 2541 947 2584 6.
979 2541 1151 2600 quidam
1180 2544 1370 2588 abnuunt

297 2623 342 2651 se
372 2615 647 2667 pugnaturos.
665 2607 818 2651 XLII.
836 2609 905 2656 55.
925 2610 966 2654 3.
981 2609 1214 2654 abnuentes
1234 2609 1369 2654 Leon-

301 2676 409 2719 tinos
445 2675 489 2717 in
515 2690 592 2718 sua
619 2677 827 2734 potestate
865 2690 968 2728 esse.
999 2675 1173 2722 XXIV.
1204 2678 1272 2723 29.
1304 2679 1367 2723 12.

303 2757 430 2785 manu
470 2741 639 2797 abnuit,
681 2742 908 2800 quicquam
951 2744 1043 2802 opis
1089 2744 1134 2786 in
1173 2760 1217 2788 se
1264 2760 1365 2792 csse.

302 2808 518 2853 XXXVI.
574 2809 642 2851 34.
672 2809 713 2852 6.
767 2810 980 2852 abnuebat
1004 2842 1015 2855 .
1040 2842 1050 2854 .
1071 2842 1082 2853 .
1140 2813 1364 2869 pertinere.

301 2873 520 2919 XXXIX.
560 2875 628 2919 34.
672 2876 710 2918 3.
754 2878 807 2906 '—
844 2875 958 2918 baud
1000 2878 1283 2925 abnuentibus
1325 2887 1366 2921 et

296 2941 379 2986 illis
426 2941 584 2986 bibere.
630 2941 759 2988 VIII.
802 2943 864 2986 18.
904 2944 944 2989 9.
997 2959 1073 2987 nec
1117 2944 1360 2987 abnuebant

296 3008 543 3055 melioribus
579 3023 746 3067 parere.
775 3010 926 3054 XXII.
962 3011 1024 3055 13.
1062 3013 1124 3055 11.
1170 3026 1224 3054 ne
1261 3011 1364 3054 acci-

298 3090 404 3136 pere
431 3077 630 3120 abnuant.
661 3076 812 3119 ΧΧΙΙ.
827 3078 894 3123 37.
915 3080 954 3124 4.
985 3093 1094 3137 quae
1123 3078 1365 3121 abnuissent

297 3143 450 3188 milites
477 3142 592 3192 dare.
622 3143 796 3192 XXIX.
825 3145 892 3190 23.
922 3146 961 3192 9.
999 3146 1193 3189 abnuisse
1233 3146 1363 3205 impc-

295 3219 388 3255 rata
415 3211 567 3258 faeere.
598 3193 840 3255 XXXVII.
870 3213 936 3257 48.
962 3214 1001 3255 4.
1034 3220 1078 3256 ut
1106 3213 1361 3270 stipendium

1507 1005 1704 1050 abolevit.
1730 1006 1765 1049 I.
1793 1007 1860 1051 23.
1889 1008 1930 1050 3.
1960 1004 2078 1048 cuius
2113 1005 2176 1049 rei
2205 1020 2340 1064 prope
2367 1005 2452 1048 iam
2478 1020 2567 1050 me-

1500 1074 1633 1116 moria
1661 1073 1916 1117 aboleverat.
1947 1072 2031 1115 111.
2062 1073 2129 1115 55.
2158 1072 2197 1115 6.
2235 1072 2410 1122 humani
2437 1073 2568 1116 moris

1509 1139 1715 1183 memoria
1744 1139 1939 1183 abolevit.
1970 1138 2097 1181 VIII.
2129 1140 2190 1182 11.
2224 1140 2261 1182 l.
2298 1137 2427 1180 eladis
2456 1139 2565 1186 Cau-

1504 1204 1626 1249 dinae
1654 1205 1859 1250 memoria
1885 1205 2140 1250 aboleverat.
2169 1205 2251 1249 IX.
2279 1206 2348 1249 35.
2379 1207 2416 1248 1.

1459 1271 1794 1318 Abominari.
1849 1270 1963 1330 quod
1999 1271 2264 1318 abominaris.
2296 1270 2375 1315 VI.
2403 1271 2470 1316 40.
2502 1273 2564 1317 11.

1507 1338 1621 1396 quod
1650 1352 1726 1381 nos
1769 1339 1954 1383 maxime
1982 1338 2288 1384 abominamur.
2318 1337 2467 1385 XXX.
2496 1339 2564 1385 30.

1504 1408 1543 1449 9.
1574 1407 1682 1448 bene
1727 1406 1859 1448 facitis
1891 1406 2005 1464 quod
2041 1406 2355 1452 abominamini.
2384 1405 2463 1452 VI.
2499 1406 2563 1452 18.

1503 1474 1543 1515 9.
1602 1472 1643 1513 id
1700 1472 1944 1529 prodigium
1986 1473 2275 1514 abominantes
2344 1473 2564 1518 iusserunt.

1501 1538 1717 1583 XXXIX.
1736 1541 1800 1584 22.
1816 1541 1855 1582 5.
1885 1541 2194 1585 abominatus..
2224 1539 2399 1598 appulit.
2416 1539 2563 1582 XXX.

1501 1606 1567 1652 30.
1607 1607 1646 1651 9.
1695 1606 1832 1650 Porus
1868 1607 2133 1649 abominatus
2177 1607 2436 1649 mentionem
2467 1608 2564 1661 faci-

1500 1673 1625 1716 noris.
1645 1672 1741 1717 XL.
1758 1674 1798 1717 4.
1815 1673 1854 1717 8.
1867 1671 2094 1715 abominati
2117 1671 2373 1716 semimares.
2390 1670 2561 1717 XXXI.

1503 1742 1564 1784 12.
1595 1740 1633 1783 8.
1680 1740 1944 1784 abominatos
1992 1753 2147 1782 nomen
2177 1740 2348 1796 tyramii
2388 1740 2560 1785 audivit.

1500 1805 1695 1850 XXXII.
1714 1806 1779 1851 38.
1797 1806 1837 1849 5.
1856 1803 1988 1864 [quod
2003 1804 2364 1865 abominandum}
2382 1806 2559 1852 XXIII.

1499 1874 1537 1919 3.
1566 1873 1605 1915 5.
1642 1872 1824 1916 nominis
1852 1872 1980 1915 etiam
2019 1871 2291 1914 abominandi
2320 1872 2470 1922 ducem
2499 1888 2561 1916 se-

1502 1939 1587 1983 cuti
1615 1946 1726 1984 sunt.
1756 1937 1975 1984 XXVIII.
2004 1938 2072 1982 28.
2088 1938 2127 1982 4.
2156 1937 2379 1997 increpans
2406 1955 2561 1984 nomen

1506 2005 1849 2049 abominandum.
1880 2003 2006 2047 VIII.
2040 2004 2107 2050 24.
2142 2005 2204 2050 ll.
2234 2005 2556 2050 abominandam

1500 2087 1594 2115 eam
1622 2072 1783 2116 curiam
1811 2072 1920 2116 facit.
1952 2071 2034 2114 IX.
2064 2071 2132 2115 38.
2163 2071 2203 2114 6.·

1444 2140 1486 2181 A
1500 2140 1559 2182 bo
1571 2139 1612 2181 ri
1624 2139 1792 2196 gines.
1822 2137 1997 2181 Latinus
2015 2152 2091 2180 rex
2113 2136 2452 2196 aboriginesque.
2470 2139 2506 2183 Ι.
2526 2141 2559 2185 1.

1496 2208 1535 2249 5.
1567 2206 1676 2249 bello
1702 2205 1945 2261 aborigines
1963 2202 2226 2261 Troianique
2255 2205 2386 2263 petiti.
2415 2205 2450 2248 I.
2465 2206 2504 2248 2.
2523 2208 2558 2249 1.

1500 2274 1676 2316 victores
1691 2272 1944 2331 aborigines
1968 2271 2021 2315 ib.
2049 2272 2085 2326 §-
2100 2272 2139 2315 2.
2165 2267 2409 2329 aborigines
2423 2271 2560 2316 studio

1498 2343 1614 2398 erga'
1651 2342 1832 2384 Aenean
1875 2355 2050 2385 cessere.
2083 2338 2138 2389 ib.
2171 2341 2216 2393 ·§.
2243 2339 2282 2381 5.
2328 2347 2373 2382 ut
2402 2339 2561 2382 animos

1496 2407 1764 2465 aboriginum
1792 2407 1870 2450 sibi
1899 2407 2153 2450 conciliaret.
2184 2407 2239 2448 ib.
2268 2408 2304 2468 ξ.
2327 2407 2366 2449 4.

1443 2475 1484 2517 Α
1498 2475 1523 2518 b
1534 2475 1578 2517 ri
1589 2491 1615 2533 p
1626 2490 1649 2518 e
1659 2491 1681 2518 r
1695 2489 1730 2518 e.
1760 2474 1990 2518 Lentulum
2020 2476 2205 2534 abripuit
2232 2491 2378 2534 equuS.
2408 2474 2559 2519 XXII.

1495 2541 1562 2587 49.
1582 2542 1644 2587 12.
1673 2541 1844 2585 sublatis
1876 2541 2008 2598 signis
2020 2557 2065 2585 se
2084 2542 2375 2600 abripuerunt.
2405 2540 2557 2584 XXII.

1496 2608 1535 2652 6.
1568 2609 1628 2652 10.
1691 2608 1903 2665 virginem
1931 2608 1984 2651 ab
2026 2608 2254 2666 complexu
2282 2607 2412 2667 patris
2440 2607 2559 2651 abre-

1495 2683 1622 2735 ptam.
1653 2675 1737 2720 111.
1765 2676 1833 2720 57.
1860 2677 1900 2721 3.·
1961 2670 2181 2734 abreptam
2210 2682 2459 2733 tempestate
2506 2674 2558 2717 ab

1493 2743 1641 2786 Africa
1683 2743 1870 2787 classem.
1899 2741 2072 2785 XXIX.
2111 2743 2176 2787 27.
2215 2744 2276 2788 14.
2329 2744 2472 2800 magni
2516 2743 2557 2785 vi

1493 2824 1693 2868 pecorum
1710 2810 2017 2866 hominumque
2049 2808 2147 2852 inde
2159 2809 2348 2868 abrepta.
2366 2808 2555 2854 XXXV.

1490 2877 1556 2922 27.
1589 2879 1650 2921 13.
1694 2878 1801 2919 aliae
1839 2877 2013 2933 (naves)
2050 2875 2091 2917 in
2147 2882 2306 2919 terram
2343 2877 2547 2937 abreptae

1491 2959 1591 2986 mox
1628 2943 1811 3001 praedae
1857 2943 1978 2986 fuere
2006 2941 2221 2985 Thurinis.
2265 2943 2434 2987 XXVI.
2482 2944 2551 2989 39.

1494 3009 1555 3055 18.
1643 3025 1748 3066 quos
1803 3010 1845 3052 in
1902 3009 2063 3052 abditos
2127 3023 2276 3066 specus
2328 3010 2553 3069 abripiant.

1493 3076 1709 3120 XXXIX.
1743 3078 1806 3123 13.
1840 3078 1901 3121 13.
1941 3077 1974 3120 si
2013 3078 2133 3138 furor
2177 3078 2220 3121 in
2255 3076 2374 3122 illum
2410 3076 2557 3135 gurgi—

1491 3153 1575 3188 tem
1594 3145 1790 3203 abripuit.
1812 3144 2029 3192 XXXIX.
2054 3146 2118 3191 16.
2134 3146 2174 3189 5.
2194 3138 2327 3190 multa
2343 3137 2464 3187 ‘milia
2483 3144 2557 3187 ho-

1491 3213 1649 3257 minum
1679 3213 1720 3255 in
1741 3213 1988 3257 servitutem
2000 3213 2246 3272 abripuisse.
2272 3210 2440 3257 XLIII.
2461 3211 2502 3258 5.
2520 3211 2557 3253 ,2
