2881 3807
255 2858 433 2902 Acerb
448 2872 485 2903 e.

1369 112 1435 171 §O

310 252 515 299 acerrimo
544 265 723 312 quoque*
746 255 858 307 viro,
890 254 1043 301 evadit.
1066 255 1191 301 XXI.
1212 258 1279 302 32.
1305 257 1367 300 13.

309 334 454 364 omnes
480 319 675 364 acerrimi
704 321 797 363 viri.
827 319 906 365 lv.
925 321 992 365 55.
1012 324 1052 367 3.
1083 330 1176 366 erat
1204 324 1368 367 iuvenis

308 398 418 430 acer.
465 383 638 431 XXIII.
681 385 743 429 16.
785 386 825 432 8.
877 387 1110 432 acerrimus
1149 389 1366 434 iuvenum.

309 451 549 496 XXXVII.
581 454 618 496 7.
651 453 714 496 11.
754 467 850 497 cum
881 454 1117 510 Masinissa,
1161 458 1368 499 acerrimo

308 521 488 574 iuvene,
531 518 803 578 Karthagine
847 535 947 567 esse.
981 520 1176 567 XXVII.
1215 524 1254 566 5.
1306 526 1368 569 ll.

307 584 551 629 Hannibale
603 586 711 629 duce
756 587 976 629 acerrimo.
1025 587 1151 631 XXI.
1221 590 1283 632 16.
1327 593 1367 636 ἴ).

306 651 505 694 acerrimi
534 653 723 710 patribus
758 652 897 699 duces.
928 653 989 699 II.
1017 656 1084 696 42.
1114 656 1152 699 6.
1193 657 1286 708 (ubi
1315 658 1367 700 cf.

307 717 427 775 Intt.)
456 734 598 778 neque
614 718 778 764 hostem
805 720 1011 765 acriorem
1043 721 1368 766 bellicosiorem-

309 799 394 842 que
421 800 564 830 secum
592 799 879 844 congressum.
909 785 1036 834 XXI.
1063 789 1124 831 16.
1158 789 1221 832 13.
1252 804 1367 832 acer-

306 851 440 896 rimus
470 852 550 896 fuit
580 851 720 896 hostis.
752 853 833 898 III.
851 854 890 898 4.
918 855 956 897 3.
986 856 1117 898 hostis
1145 855 1224 897 illis
1252 871 1367 898 acer-

306 919 441 962 rimus
485 935 571 963 ero.
614 919 708 963 XL.
758 922 819 966 15.
863 923 899 964 7.
950 922 1071 965 illum
1113 924 1366 965 acerrimum

307 998 461 1044 regum
492 987 659 1031 hostem
688 987 895 1032 timerem.
925 987 984 1035 11.
1003 990 1039 1033 7.
1061 989 1098 1035 9.
1131 1005 1214 1033 non
1232 990 1368 1033 acrior

306 1052 466 1097 vindex
494 1053 727 1098 libertatis,
752 1086 762 1100 .
794 1071 923 1114 quam
952 1063 1089 1100 custos
1119 1057 1210 1100 fuit.
1240 1056 1299 1102 ll.
1332 1058 1366 1099 1.

311 1121 352 1165 8.
382 1135 481 1164 acer
509 1121 623 1165 ultor
643 1121 877 1179 pudicitiae.
899 1123 959 1169 II.
977 1125 1013 1167 7.
1029 1124 1068 1170 4.
1099 1133 1244 1168 auctor
1271 1139 1366 1167 cum

308 1186 521 1231 recentior
559 1197 650 1230 tum
690 1189 840 1235 acrior.
883 1189 944 1233 II.
982 1190 1047 1233 56.
1078 1191 1115 1233 6.
1161 1191 1367 1234 acriorem

308 1254 476 1296 virtutis
512 1261 793 1312 spectatorem
847 1256 986 1301 fuisse.
1029 1257 1172 1300 XLII.
1220 1258 1285 1300 34.
1329 1259 1366 1303 7.

306 1332 403 1363 eum
417 1320 637 1363 tribunum
660 1321 916 1365 acerrimum
945 1322 1087 1381 plebes
1107 1331 1229 1366 nacta
1245 1332 1365 1368 esset.

306 1386 389 1433 IV.
431 1388 471 1430 6.
499 1389 539 1432 3.
587 1403 686 1446 pars
715 1397 896 1446 utraque
933 1390 1081 1432 acrior.
1114 1390 1191 1433 VI.
1230 1390 1290 1433 18.
1328 1393 1366 1434 3.

306 1454 503 1496 acerrimi
530 1454 733 1512 cuiusque
775 1455 1005 1498 arbitrio..
1053 1471 1143 1498 rem
1180 1471 1367 1515 agemus.

308 1519 369 1568 Π.
385 1522 453 1564 29.
470 1522 505 1563 1.
531 1521 567 1562 si
596 1522 682 1562 vini
712 1536 833 1564 amor
861 1523 903 1564 in
933 1522 1019 1565 dics
1047 1523 1172 1566 fieret
1199 1525 1367 1567 acrior?

307 1588 390 1632 IX.
421 1589 487 1633 18.
525 1589 563 1631 5.
612 1587 869 1631 desiderium
913 1589 1024 1646 plebi
1056 1591 1189 1633 multo
1234 1592 1370 1634 acrius

311 1656 517 1698 rebantur
544 1670 647 1699 esse.
668 1653 750 1698 111.
767 1656 832 1698 41.
856 1656 896 1698 5.
926 1663 971 1698 ut
998 1656 1209 1700 delectum
1241 1674 1368 1715 quam

308 1722 590 1765 accerrimum
628 1721 847 1767 haberent.
893 1722 952 1765 II.
989 1723 1054 1766 28.
1084 1724 1123 1766 5.
1162 1724 1233 1778 (ad
1272 1740 1311 1782 q.
1342 1726 1366 1768 l.

306 1782 391 1833 vid.
435 1788 557 1840 Intt.)
599 1787 909 1844 indignantium
952 1804 1029 1846 pro
1058 1805 1101 1832 se
1140 1792 1370 1834 acerrimus

304 1862 396 1897 erat
437 1853 610 1897 clamor.
640 1853 702 1899 II.
729 1851 804 1900 ⁸53.
843 1855 882 1897 6.
934 1864 980 1897 ut
1024 1857 1070 1898 fit
1109 1857 1236 1912 longe
1279 1873 1367 1899 ma-

305 1921 372 1977 gis
400 1935 528 1978 quam
565 1921 650 1963 aeri
692 1921 814 1967 bello.
863 1921 897 1964 I.
936 1920 1003 1967 57.
1048 1924 1086 1964 4.
1137 1938 1187 1966 eo
1232 1926 1367 1966 acrius

308 1987 507 2031 obortum
535 1986 693 2030 bellum
717 1995 790 2032 est.
811 1987 938 2031 ΧΧΙ.
953 1989 992 2034 8.
1012 1991 1049 2033 2.
1081 1999 1367 2033 cunctatorem

309 2068 365 2097 ex
410 2053 619 2096 acerrimo
672 2054 835 2113 proelio
881 2056 1052 2100 factum.
1102 2056 1178 2099 VI.
1222 2060 1288 2103 23.
1329 2060 1367 2101 4.

308 2134 437 2179 quam
456 2122 665 2164 acerrimo
686 2120 796 2164 bello
815 2121 1054 2166 detinerent
1071 2124 1367 2169 Hannibalem.

306 2187 502 2231 XXVII.
535 2189 597 2234 12.
638 2189 676 2230 2.
715 2189 853 2231 acrior
898 2190 1176 2250 infestiorque
1224 2208 1370 2251 pugna

305 2263 380 2299 ost.
409 2254 560 2298 XXII.
590 2257 628 2298 6.
660 2258 696 2298 1.
736 2256 848 2299 iuter
880 2272 1070 2314 pugnam
1101 2261 1369 2302 acerrimam.

307 2321 485 2366 XXIII.
526 2322 593 2365 29.
629 2324 668 2368 5.
710 2323 848 2367 adorti
892 2324 1030 2367 hostes
1070 2327 1154 2367 acri
1195 2326 1369 2383 impetu.

306 2387 527 2435 XXXIV.
547 2389 610 2434 15.
623 2390 664 2435 2.
694 2390 833 2434 acrior
861 2391 1044 2449 impetus
1064 2391 1369 2439 Romanorum.

307 2455 483 2501 XXXI.
513 2456 580 2499 35.
609 2456 648 2500 4.
689 2455 831 2500 acrior
861 2457 1020 2516 impetu
1051 2464 1178 2515 atque
1208 2459 1370 2502 animis.

308 2522 530 2567 XXVIII.
555 2524 624 2567 22.
657 2525 721 2567 13.
761 2525 849 2566 acri
886 2522 1089 2566 concursu
1133 2524 1186 2566 ad
1229 2533 1372 2583 portas

307 2597 570 2633 armatorum
601 2598 663 2633 est
689 2590 896 2649 repulsus.
916 2590 1059 2634 XLII.
1077 2592 1147 2635 53.
1167 2593 1204 2634 9.
1235 2593 1374 2636 acrior

307 2667 536 2700 concursus
564 2657 655 2702 fuit.
685 2657 813 2701 XXI.
842 2658 909 2700 59.
947 2658 985 2700 8.
1029 2658 1062 2699 si
1096 2659 1237 2701 vultus
1266 2659 1372 2701 indi-

309 2724 471 2780 gnitate
499 2726 562 2766 rei
592 2726 730 2767 act-ior
776 2726 977 2767 victorem
1007 2726 1261 2768 ostendisset.
1291 2726 1371 2768 IX.

309 2791 346 2833 6.
374 2790 418 2835 2.
445 2790 631 2834 acriores
657 2792 837 2837 litterae.
868 2791 945 2834 VI.
975 2794 1043 2835 22.
1071 2794 1109 2834 3.

665 2874 688 2903 e
741 2858 898 2903 tuendo
952 2859 1054 2905 iura.
1103 2860 1186 2904 III.
1222 2860 1289 2902 69.
1333 2861 1371 2902 4.

311 2933 489 2983 propter
530 2925 559 2968 d
628 2935 742 2970 ctum
771 2928 922 2970 acerbe
951 2935 1102 2970 actum.
1154 2929 1236 2986 Ep.
1268 2927 1369 2971 VII.

309 2993 353 3034 in
405 2991 763 3052 Tarquienienscs
812 2994 963 3037 acerbe
997 2996 1221 3038 saevitum.
1269 2995 1370 3037 ΥΠ.

311 3060 375 3101 19.
404 3060 446 3102 2.
463 3086 466 3090 ,
486 3060 537 3101 -iis
565 3061 717 3103 acerbe
746 3068 874 3119 atque
901 3076 1032 3104 avare
1068 3061 1369 3119 imperitatum.

310 3125 488 3170 XXIII.
496 3127 564 3173 32.
578 3128 615 3170 9.
637 3127 741 3171 haec
752 3129 903 3174 acerbe
917 3129 1134 3187 postremi.
1151 3128 1307 3172 XXXI
1315 3129 1367 3171 X.

308 3194 378 3239 25⁵
407 3195 447 3240 2.
484 3202 634 3237 exacta
663 3195 821 3241 acerbo
844 3196 987 3238 munia
1017 3196 1201 3237 militiae.
1233 3196 1369 3241 XLV.

311 3261 377 3305 36.
408 3261 447 3305 3.
475 3262 669 3305 acerbius
697 3261 888 3305 leniusve
927 3270 1121 3321 egerunt.
1154 3262 1370 3307 XXXIX.

1491 255 1557 297 25.
1585 255 1642 299 2.μ
1670 267 1724 296 ne
1764 253 1956 296 acerbius
1997 252 2221 296 saeVIrent.
2261 250 2360 294 ibid.
2402 251 2469 296 54.
2508 242 2547 293 θ’.

1491 320 1661 377 vigiliae
1699 319 1891 363 acerbius
1932 325 1974 362 et
2005 317 2249 374 diligentius
2307 317 2548 361 circumitae

1491 393 1600 433 sunt.
1632 384 1768 430 XLV.
1798 384 1866 433 37.
1897 384 1936 429 9.

1438 454 1738 498 Acerbitas.
1776 452 1980 495 acerbitas
2007 453 2049 494 in
2079 451 2245 495 delectu
2274 452 2410 494 invisa
2441 459 2544 495 erat.

1494 521 1595 565 VII.
1625 521 1663 562 4.
1693 521 1732 563 2.
1765 518 1879 577 quod
1909 519 2098 562 animum
2129 519 2218 562 eius
2247 526 2364 562 tanta
2390 520 2548 562 acerbi-

1494 593 1556 630 tas
1585 586 1719 645 patria
1757 584 1862 627 nihil
1900 599 1925 627 a
1968 585 2123 643 pietate
2167 585 2395 631 avertisset.
2447 585 2548 630 VII.

1492 656 1531 696 5.
1560 654 1597 698 7.
1640 652 1708 694 cui
1751 652 1955 693 acerbitas
1982 652 2286 709 assignabatur.
2330 653 2548 700 XXXIX.

1492 722 1559 766 44.
1578 720 1615 763 9.
1644 717 1841 775 exemplo
1861 718 2097 761 acerbitatis
2114 722 2328 763 censoriae
2352 721 2542 764 offensos.

1493 786 1571 831 IV.
1601 786 1666 829 24.
1696 786 1734 831 8.
1763 783 2018 828 addiderunt
2045 785 2261 828 acerbitati
2292 787 2415 829 etiam
2441 795 2544 830 tem·

1493 869 1585 912 pus.
1615 853 1808 896 XXVII.
1842 854 1903 894 11.
1938 852 2000 895 14.
2049 853 2248 895 orationis
2278 855 2548 897 acerbitatem

1492 922 1651 964 subibo.
1709 918 1851 965 XLII.
1896 919 1963 965 40.
2009 919 2047 964 3.
2104 920 2219 962 omni
2245 964 2247 966 ,
2269 922 2548 979 nequicquam

1493 989 1720 1031 acerbitate
1749 996 1956 1046 prompta.
1987 985 2046 1029 11.
2063 986 2129 1029 58.
2153 987 2191 1028 9.
2222 987 2406 1031 deiectus
2435 1004 2549 1031 acer--

1493 1055 1624 1098 bitate
1652 1054 1796 1098 invisa.
1825 1053 1954 1098 XXI.
1988 1056 2051 1098 11.
2083 1053 2145 1098 13.
2177 1063 2291 1098 metu
2322 1062 2363 1098 et
2392 1055 2550 1098 acerbi-

1494 1129 1578 1165 tate
1608 1122 1779 1165 tenebat
1808 1121 1980 1175 animos.
2012 1120 2227 1164 XXXIV.
2257 1121 2323 1164 27.
2352 1122 2391 1166 3.
2422 1122 2549 1182 depo—

1493 1188 1570 1230 sita
1597 1189 1756 1231 domini
1784 1189 2026 1232 acerbitate.
2056 1187 2275 1231 XXXIX.
2303 1189 2369 1231 25.
2403 1190 2465 1231 15.
2497 1205 2550 1232 ex

1494 1256 1617 1297 unius
1654 1256 1858 1299 senatoris
1894 1254 2073 1298 Romani
2121 1255 2363 1297 acerbitate.
2415 1255 2548 1299 XLV.

1497 1323 1560 1366 10.
1594 1321 1633 1365 9.

1440 1389 1709 1442 Acerbus,
1751 1404 1800 1443 a,
1844 1403 1944 1431 um.
1975 1402 2088 1431 mors
2113 1402 2241 1445 quam
2271 1394 2438 1431 matura
2465 1395 2550 1431 tam

1496 1457 1661 1501 acerba.
1695 1455 1795 1499 VII.
1830 1458 1863 1497 1.
1892 1454 1929 1497 8.
1975 1453 2017 1496 id
2046 1454 2231 1513 primum
2260 1455 2460 1497 acerbum
2489 1455 2550 1497 in-

1494 1523 1760 1580 dignumque
1804 1523 1953 1564 visum.
1992 1522 2147 1567 1L50.
2177 1522 2215 1564 3.
2259 1522 2458 1564 acerbum
2503 1537 2551 1563 ac

1495 1593 1695 1633 miserum
1727 1598 1799 1632 est.
1843 1589 1947 1635 Vll.
1975 1591 2041 1633 30.
2071 1590 2109 1634 9.
2152 1589 2255 1630 haec
2293 1604 2550 1646 quamquam

1494 1658 1576 1701 sint
1604 1657 1752 1713 gravia
1780 1663 1907 1713 atque
1936 1656 2099 1701 acerba.
2130 1655 2255 1700 XXI.
2291 1657 2354 1699 13.
2380 1655 2424 1700 ,8.
2454 1671 2549 1699 ocu-

1496 1724 1556 1766 los
1584 1739 1608 1764 a
1639 1722 1829 1765 videndis
1865 1723 2059 1764 omnibus
2099 1722 2259 1764 acerbis
2300 1721 2550 1766 vindicabat.

1496 1789 1666 1834 XXVI.
1700 1791 1760 1831 13.
1791 1789 1829 1831 8.
1875 1790 1960 1831 fate
1996 1788 2246 1830 antecedere
2286 1804 2414 1846 quam
2445 1789 2549 1831 haee

1496 1866 1558 1899 tot
1600 1865 1683 1897 tam
1727 1859 1879 1897 acerba
1937 1855 2117 1900 videant.
2159 1854 2327 1897 XXVI.
2380 1856 2443 1899 13.
2490 1858 2551 1898 17.

1491 1922 1776 1981 spectaculum
1816 1936 1900 1963 non
1939 1921 2064 1964 modo
2107 1937 2191 1964 non
2233 1923 2431 1965 acerbum
2479 1923 2551 1965 sed

1494 1990 1649 2031 laetum
1688 1988 1812 2030 etiam
1853 1988 1978 2030 debet
2016 2003 2118 2033 esse.
2166 1989 2384 2034 XXVIII.
2413 1992 2482 2033 29.
2511 1992 2547 2034 8.

1494 2055 1694 2114 Philippo
1722 2054 1874 2097 acerba
1901 2061 2033 2097 erant.
2063 2054 2259 2100 XXXII.
2294 2056 2356 2102 13.
2385 2057 2423 2100 8.
2465 2064 2549 2100 tam

1496 2124 1647 2166 acerba
1677 2123 1786 2181 passi
1816 2129 1925 2167 sunt.
1958 2121 2154 2169 XXXII.
2178 2124 2237 2166 19.
2258 2125 2319 2167 12.
2350 2138 2403 2167 ne
2432 2124 2554 2167 nimis

1496 2191 1694 2233 acerbum
1738 2189 1814 2231 sibi
1867 2189 2072 2232 videatur.
2118 2189 2261 2237 XLII.
2310 2192 2364 2234 40
2420 2191 2460 2238 2.
2511 2193 2553 2235 ni

1496 2258 1651 2299 Fabius
1701 2256 1871 2299 consilio
1920 2257 2059 2298 neutri
2112 2258 2220 2315 parti
2261 2260 2413 2301 acerbo
2461 2274 2551 2302 rem

1498 2324 1745 2382 expedisset.
1792 2322 1880 2367 111.
1927 2328 1960 2366 1.
1990 2325 2028 2368 4.
2079 2325 2230 2367 acerba
2269 2325 2550 2384 inquisitione.

1498 2391 1575 2435 IV.
1609 2394 1669 2435 12.
1703 2395 1764 2434 10.
1812 2390 2028 2445 asperiora
2074 2393 2214 2434 omnia
2252 2392 2352 2434 fecit
2392 2391 2552 2435 acerbis

1496 2457 1820 2515 quaestionibus
1850 2455 1928 2501 IV.
1950 2457 2016 2500 50.
2046 2458 2085 2502 4.
2116 2459 2293 2501 acerbae
2325 2449 2427 2501 mibi
2444 2471 2554 2502 ‘sunt

1496 2524 1793 2567 contentiones.
1832 2522 1885 2566 V.
1913 2523 1981 2568 51.
2015 2525 2048 2568 1.
2087 2523 2253 2567 delectu
2298 2525 2450 2569 acerbo
2491 2525 2553 2570 iu-

1498 2599 1715 2634 ventutem
1759 2591 1947 2647 agitavit.
1990 2589 2094 2634 VII.
2137 2591 2174 2634 3.
2212 2591 2250 2637 9.
2308 2592 2552 2636 concionem

1497 2673 1664 2700 saevam
1694 2666 1821 2716 atque
1851 2659 2052 2700 acerbam
2071 2657 2182 2717 apud
2213 2659 2366 2702 milites
2394 2660 2551 2704 habuit.

1498 2725 1692 2768 XXVII.
1717 2728 1775 2766 13.
1802 2726 1836 2768 l.
1869 2733 2035 2783 praesto
2066 2733 2127 2767 est
2155 2726 2306 2768 acerba
2336 2729 2550 2770 memoria.

1497 2792 1643 2835 XXV.
1672 2794 1737 2835 38.
1768 2793 1806 2833 5.
1835 2815 1889 2822 ——
1925 2791 2089 2833 foedius
2118 2800 2245 2849 atque
2274 2793 2465 2836 acerbius
2493 2796 2551 2836 vi-

1495 2875 1602 2906 sum.
1633 2859 1718 2906 111.
1762 2860 1826 2903 72.
1859 2860 1896 2900 7.
1938 2859 2174 2902 acerbiores
2214 2874 2282 2902 eas
2319 2858 2553 2904 inimicitias

1495 2927 1708 2970 calamitas
1736 2927 1904 2971 fecerat.
1936 2926 2130 2972 XXVII.
2161 2928 2227 2970 35.
2259 2928 2295 2970 7.
2332 2928 2411 2971 sub
2440 2942 2553 2971 acer-

1498 2995 1652 3037 bissimi
1692 2994 1896 3035 carnificis
1934 2995 2108 3037 arbitrio
2145 2995 2337 3052 spiritum
2381 2990 2550 3038 ducere.

1498 3060 1639 3104 XLII.
1697 3061 1763 3103 23.
1804 3061 1866 3104 10.
1915 3085 1968 3093 —
2015 3059 2185 3119 {inguae
2242 3061 2418 3105 acerbae
2459 3060 2552 3105 fuit.

1498 3129 1715 3174 XXXIX.
1756 3129 1821 3170 40.
1872 3129 1932 3171 10.
1978 3128 2084 3172 aiiae
2129 3130 2305 3172 acerbae
2344 3128 2554 3171 orationes

1498 3204 1654 3239 extant.
1679 3198 1732 3241 ib.
1762 3198 1827 3237 42.
1851 3198 1892 3240 6.
1925 3220 1972 3227 —-
2004 3197 2159 3253 iegatio
2189 3198 2341 3239 acerba
2369 3194 2551 3238 Kartha-

1500 3263 1759 3321 giniensibus
1786 3270 1887 3307 erat.
1918 3263 1999 3322 Ep.
2030 3262 2193 3307 XLIX.
