2881 3807
1402 104 1464 153 19

293 238 662 289 Accumulare.
694 239 846 297 quibus
874 253 958 283 non
986 252 1085 282 suae
1100 237 1288 283 redditae
1315 252 1395 296 res,

348 321 435 351 non
461 306 623 350 alienae
651 305 936 350 accumulatae
964 306 1177 349 satissint.
1197 305 1279 348 IX.
1303 307 1337 348 1.
1358 305 1395 347 9.

293 376 440 417 Accu
453 380 585 417 rate.
615 388 665 416 eo
694 373 926 416 accuratius
952 374 1148 430 agebant.
1166 371 1309 414 XLII.
1328 372 1395 413 45.

347 440 386 485 1.
414 454 500 498 quo
529 455 724 498 quaeque
751 440 984 482 accuratius
1004 446 1215 484 curantur.
1236 437 1399 481 XLIV.

292 576 624 624 Accuratus.
672 573 862 616 oratione
900 573 1023 615 etiam
1052 571 1182 628 longa
1210 578 1253 614 et
1280 586 1399 613 accu-

345 648 437 684 rata
472 641 696 684 insectatus
731 639 1010 696 rogationem.
1042 637 1263 683 XXXIV.
1286 637 1327 680 5.
1357 638 1395 680 2.

347 707 579 752 accuratior
622 706 679 750 ibi
707 704 902 751 habenda
929 706 1061 750 oratio
1091 705 1181 749 suit.
1211 703 1400 749 XXXV.

348 774 416 820 31.
445 774 484 818 4.
522 772 730 817 delectum
764 772 1064 816 accuratiorem
1093 772 1316 816 habebant.
1349 770 1399 814 V.

347 841 413 885 37.
444 840 482 883 3.
522 840 779 885 accuratiore
808 853 906 883 eum
935 853 1129 883 sermone
1158 837 1399 896 alloquitur.

347 907 518 951 XXVI.
546 907 612 948 50.
643 908 681 948 3.

293 975 614 1017 Accurrere.
702 987 797 1015 cum
855 980 1025 1015 caterva
1080 987 1155 1013 sua
1210 971 1399 1015 accurrit.

348 1039 427 1082 VI.
459 1039 521 1083 14.
538 1039 577 1082 3.
609 1039 681 1096 qui
710 1040 862 1098 raptim
889 1046 1141 1082 accurrerat.
1170 1037 1249 1095 Ep.
1267 1036 1398 1081 CXL.

348 1106 438 1165 ipse
468 1106 510 1147 in
541 1107 754 1149 sinistrum
784 1121 915 1149 cornu
944 1106 1136 1148 accurrit.
1165 1105 1244 1147 IV.
1272 1105 1337 1146 33.
1361 1106 1398 1146 3.

349 1172 553 1217 Evander
591 1173 644 1215 ad
682 1190 829 1231 regem
875 1174 1064 1216 accurrit.
1093 1173 1237 1217 XLII.
1265 1173 1329 1215 59.
1360 1174 1398 1216 8.
1426 1170 1436 1179 ’

291 1242 568 1291 Accusare
585 1273 716 1285 .....

292 1308 441 1351 Accu
454 1307 605 1353 satio.
667 1307 809 1350 iactari
873 1307 1007 1364 magis
1066 1323 1191 1363 quam
1253 1307 1401 1364 peragi

348 1375 555 1417 accusatio
595 1374 684 1417 eius
725 1382 903 1432 poterat.
945 1374 1004 1418 X.
1032 1374 1098 1418 46.
1141 1374 1203 1416 16.
1241 1373 1399 1431 duplex

347 1442 550 1495 accutatio
593 1441 683 1483 fuit.
724 1440 990 1485 XXXVIII.
1028 1442 1096 1482 47.
1151 1441 1188 1485 8.
1245 1447 1292 1482 ut
1334 1455 1398 1482 re-

347 1508 522 1564 pentina
576 1514 617 1549 et
668 1508 839 1549 minime
887 1514 1139 1565 praeparata
1195 1508 1399 1548 accusatio

347 1571 576 1618 videretur.
607 1572 700 1619 XL.
730 1573 793 1616 12.
831 1573 870 1616 8.
917 1587 1025 1615 vana
1065 1573 1266 1615 accusatio
1297 1580 1397 1614 erat.

351 1641 407 1685 ib.
455 1641 480 1696 ξ
536 1639 598 1683 10.
648 1639 694 1684 in
750 1639 1054 1684 accusationem
1107 1639 1239 1698 Appii
1279 1654 1400 1683 exor—

347 1721 430 1755 suS.
460 1706 521 1753 II.
550 1707 617 1751 56.
647 1707 685 1753 7.
722 1707 867 1765 aequis
894 1704 1066 1750 auribus
1093 1706 1399 1749 accusationem

347 1773 550 1818 audierat.
603 1774 665 1818 11.
703 1774 770 1820 61.
807 1775 846 1818 9.
890 1773 942 1816 ad
987 1788 1145 1816 moram
1197 1773 1400 1831 triumphi

348 1855 441 1884 eam
469 1841 774 1883 accusationem
806 1841 995 1884 valuisse.
1041 1839 1303 1882 XXXVIII.
1332 1840 1398 1884 58.

349 1907 413 1953 12.
448 1907 632 1950 invisum
673 1908 934 1950 accusatione
963 1907 1034 1965 Sp.
1067 1907 1211 1951 Cassii,
1241 1906 1302 1948 11.
1327 1908 1395 1948 42.

348 1975 387 2016 7.
424 1989 509 2016 non
554 1982 926 2032 perseveraturum
967 1990 1011 2016 se
1047 1974 1090 2015 in
1124 1974 1396 2015 accusatione.

350 2040 433 2098 Ep.
450 2039 554 2083 VII.
585 2049 630 2082 ut
658 2042 919 2083 accusatione
947 2041 1154 2098 potiorem
1184 2040 1397 2082 haberem.

349 2104 520 2152 XXXI.
550 2107 617 2152 32.
638 2107 677 2152 2.
707 2108 966 2153 accusatione
994 2105 1206 2165 parricidii
1235 2107 1400 2165 petitus.

350 2173 431 2233 Ep.
481 2173 575 2218 XL.
632 2174 683 2218 ab
729 2174 990 2218 accusatione
1032 2173 1228 2217 stultitiae
1272 2189 1401 2217 orsus.

348 2240 594 2285 XLIV.31.
623 2242 684 2285 13.
714 2241 975 2285 subscribere
1004 2240 1109 2283 odiis
1136 2240 1401 2283 accusationi-

348 2307 510 2365 busque
539 2305 800 2351 Hannibalis.
828 2306 1051 2351 XXXIII.
1073 2306 1140 2349 47.
1167 2307 1207 2352 4.

295 2373 614 2420 Accusator.
645 2380 859 2418 accusator
886 2373 971 2432 pati
1000 2388 1121 2417 reum
1149 2387 1288 2417 ruere.
1309 2372 1398 2417 III.

350 2441 414 2485 11.
446 2440 510 2486 10.
540 2447 754 2485 accusator
781 2439 957 2485 vadatus
986 2446 1047 2485 est
1074 2453 1207 2486 reum.
1249 2440 1305 2484 ib.
1338 2440 1399 2484 13.

349 2506 388 2550 8.
418 2513 636 2550 accusator
662 2507 717 2549 ad
754 2507 958 2567 populum
989 2507 1138 2552 extitit.
1166 2507 1218 2550 ib.
1240 2508 1307 2552 33.
1338 2508 1401 2552 10.

349 2587 404 2616 ne
440 2580 653 2615 accusator
689 2574 877 2632 collegae
918 2575 1105 2617 existam.
1156 2575 1306 2619 XXII.
1336 2576 1403 2615 49.

352 2642 417 2683 11.
448 2656 581 2698 quum
609 2648 769 2682 starent
795 2643 989 2684 submoto
1005 2642 1162 2700 populo
1191 2650 1405 2683 accusator

351 2715 394 2751 et
420 2723 530 2751 reus·
561 2707 731 2755 XXVI.
762 2708 829 2753 38.
859 2710 897 2751 8.
941 2724 1018 2750 nec
1047 2717 1261 2751 accusator
1289 2709 1404 2767 apud

351 2774 507 2818 iudices
559 2774 716 2817 deerat.
768 2774 989 2820 XXXIII.
1026 2776 1093 2817 46.
1129 2777 1168 2817 2.
1232 2776 1404 2830 (oratio)

351 2857 436 2900 qua
479 2841 513 2884 si
565 2849 781 2884 accusator
820 2849 918 2885 ante
959 2849 1102 2885 notam
1144 2858 1243 2885 usus
1286 2850 1403 2887 essct.

350 2907 569 2952 XXXIX.
597 2909 665 2952 42.
691 2909 727 2950 7.
756 2909 862 2951 nihil
889 2925 970 2965 ego
997 2917 1211 2966 tamquam
1241 2926 1405 2952 accusa-

349 2982 418 3018 tor
444 2991 540 3031 ag0.
560 2974 655 3020 XL.
670 2975 706 3017 9.
728 2975 790 3019 13.
818 2991 963 3018 rerum
991 2974 1147 3019 auxilia
1175 2991 1401 3033 praeoccu-

350 3041 467 3098 pavit
495 3049 720 3086 accusator.
752 3041 806 3084 ib.
829 3041 891 3084 12.
909 3042 947 3085 3.
977 3041 1156 3086 Romam
1186 3048 1403 3085 accusator

352 3114 539 3151 venerat.
578 3106 724 3152 XL11.
754 3107 821 3151 42.
843 3107 882 3151 5.
920 3108 1009 3152 sine
1045 3108 1214 3152 nomine
1242 3122 1405 3151 accusa-

352 3174 467 3216 toris.
495 3174 762 3218 XXXVIII.
790 3175 857 3218 56.
886 3175 924 3219 6.
965 3181 1011 3218 ut
1039 3175 1287 3218 accusatoris
1314 3189 1406 3234 spe-

351 3240 458 3283 ciem
487 3241 676 3286 haberet.
705 3241 920 3287 XXXIX.
950 3243 1016 3285 26.
1049 3244 1083 3285 1.
1122 3248 1406 3287 accusatorem

1524 237 1711 296 primum
1741 235 1984 294 Virginium
2013 235 2216 294 deligunt.
2246 236 2333 280 ΙΙΙ.
2357 236 2424 283 36.
2459 238 2494 281 1.
2536 237 2575 280 id

1526 312 1810 347 accusatorem
1841 304 1975 360 magis
2003 318 2197 360 arguere.
2227 304 2281 348 V.
2308 306 2369 348 11.
2387 304 2429 348 6.
2459 318 2576 347 enm-

1525 371 1621 413 dem
1639 377 1921 415 accusatorem
1941 370 2087 428 capitis
2110 372 2174 413 sui
2199 386 2247 413 ac
2274 371 2453 415 iudicem
2474 385 2577 415 esse.

1529 437 1654 482 VIII.
1681 439 1747 480 32.
1768 438 1807 480 9.
1838 436 1968 479 iudex
1996 437 2107 478 inter
2135 438 2262 493 filios,
2291 446 2574 482 accusatorem

1524 504 1734 559 parricidii
1765 513 1806 546 et
1834 519 1969 548 reum.
2001 503 2094 546 XL.
2125 504 2163 546 8.
2193 505 2230 546 7.
2272 505 2376 548 haec
2413 519 2578 547 acema-

1526 576 1659 611 torcm
1689 570 1859 615 faciunt.
1889 570 1942 612 ib.
1977 570 2039 613 15.
2055 571 2093 613 3.
2122 578 2264 613 utrum
2291 579 2577 614 accusatorem

1527 635 1728 679 audirem.
1771 638 1823 680 ib.
1854 639 1879 690 ξ
1907 637 1945 678 4.
1986 644 2271 680 accusatorem
2300 637 2342 680 id
2369 639 2475 681 scire
2505 654 2578 696 po-

1526 702 1663 746 tuisse.
1707 703 1844 748 XLV.
1889 705 1956 750 37.
2003 706 2065 751 13.
2118 721 2202 749 non
2247 704 2301 748 de
2340 714 2577 749 accusatore

1527 770 1734 816 convenit.
1764 769 2027 818 XXXVIII.
2063 772 2129 815 56.
2160 772 2200 818 2.
2237 778 2495 816 accusatores
2523 770 2576 815 de

1530 835 1651 893 plebe
1693 851 1812 879 reum
1855 837 2143 882 intuebuntur.
2189 838 2267 882 VI.
2310 838 2372 882 19.
2419 838 2456 883 7.
2502 838 2578 881 nisi

1529 902 1645 944 velut
1691 911 1946 946 accusatores
1974 905 2222 948 calumniam
2268 906 2312 947 in
2341 919 2441 948 eum
2468 905 2578 947 iura-

1529 977 1636 1012 rent.
1650 968 1866 1015 XXXIII.
1884 971 1950 1011 47.
1969 971 2009 1015 5.
2039 971 2153 1013 haud
2172 972 2285 1014 dubii
2304 978 2578 1014 accusatores.

1527 1037 1742 1080 XXXIX.
1772 1039 1834 1079 25.
1861 1041 1894 1081 1.
1924 1045 2134 1081 venerunt
2157 1045 2418 1081 accusatores
2445 1037 2577 1080 Isme—

1526 1105 1633 1146 niae.
1676 1104 1820 1148 XLII.
1849 1106 1917 1149 43.
1951 1107 2012 1149 10.
2049 1105 2266 1162 graviores
2302 1105 2577 1163 potentiores-

1525 1188 1610 1229 que
1652 1188 1861 1215 accessere
1904 1183 2172 1216 accusatores.
2222 1173 2392 1216 XLIII.
2445 1175 2485 1217 8.
2535 1175 2575 1215 2.

1526 1239 1658 1281 oratio
1687 1248 1985 1282 accusatorum.
2015 1240 2278 1284 XXXVIII.
2299 1243 2366 1283 56.
2397 1243 2435 1282 7.
2455 1258 2571 1283 accu—

1525 1315 1682 1349 satores
1711 1306 1753 1347 in
1784 1307 1929 1349 urbem
1961 1306 2182 1351 adducens.
2211 1308 2382 1352 XXVI.
2411 1309 2479 1351 27.
2512 1309 2575 1351 16.

1525 1381 1572 1414 ut
1600 1373 1729 1415 victos
1770 1373 1899 1414 armis
1941 1383 2196 1417 accusatores
2240 1376 2481 1418 habeamus.
2520 1376 2575 1419 ib.

1526 1440 1592 1484 30.
1625 1440 1687 1481 12.
1728 1446 1871 1483 movet
1908 1439 2121 1483 decretum
2159 1443 2269 1500 ipsos
2303 1449 2575 1487 accusatores.

1524 1506 1743 1547 XXVIII.
1776 1507 1842 1547 53.
1872 1508 1911 1548 5.
1944 1515 2127 1548 verterat
2157 1508 2311 1549 invidia
2339 1509 2381 1549 in
2411 1524 2574 1551 accusa-

1526 1580 1643 1614 tores.
1676 1571 1729 1617 ib.
1751 1572 1816 1616 60.
1842 1573 1903 1614 10.
1935 1588 1986 1614 ex
2021 1573 2204 1616 hostibus
2223 1591 2295 1616 vos
2320 1581 2578 1617 accusatores

1525 1638 1664 1684 factos,
1694 1636 1910 1683 XXXIX.
1940 1639 2006 1683 35.
2035 1639 2074 1683 6.

1471 1705 1843 1748 Accusatorie.
1890 1706 1972 1748 iam
2014 1706 2118 1749 illud
2150 1721 2276 1765 quam
2304 1708 2571 1763 accusatorie,

1524 1771 1637 1829 quod
1665 1772 1825 1815 crimen
1855 1773 2032 1816 miscuit.
2061 1773 2155 1816 XL.
2196 1775 2258 1820 12.
2288 1776 2327 1818 6.

1472 1839 1515 1879 A
1529 1852 1583 1880 cc
1594 1853 1620 1881 u
1630 1846 1739 1881 sato
1751 1841 1834 1882 riu
1845 1855 1877 1884 s,
1906 1855 2072 1883 causam
2092 1840 2199 1883 dixit
2214 1843 2467 1886 accusatorio
2494 1843 2577 1901 spi·

1523 1906 1618 1947 ritu.
1664 1906 1723 1950 II.
1764 1907 1829 1948 61.
1875 1908 1911 1948 7.
1966 1909 2031 1949 vir
2076 1909 2259 1965 augebat
2308 1911 2569 1952 atrocitatem

1525 1972 1642 2014 vultu
1672 1974 1778 2015 truci
1806 1982 1848 2015 et
1875 1976 2127 2017 accusatoria
2156 1990 2271 2018 voce.
2299 1976 2437 2019 XLV.
2456 1977 2579 2020 10.8.

1469 2040 1625 2081 Acer.
1670 2041 1958 2095 rogationibus
1986 2042 2117 2083 telum
2145 2043 2399 2085 acerrimum
2429 2043 2573 2086 datum

1529 2113 1600 2149 est.
1632 2105 1716 2149 ΙΙΙ.
1732 2107 1798 2149 55.
1815 2108 1854 2148 3.
1884 2107 2228 2151 detrectationem
2257 2109 2414 2151 militae
2445 2110 2577 2153 telum

1527 2173 1777 2216 acerrimum
1807 2172 2006 2217 adversus
2035 2181 2175 2231 patres
2204 2175 2373 2220 habere.
2403 2175 2488 2223 III.
2508 2177 2575 2220 69.

1525 2241 1565 2284 2.
1607 2240 1788 2283 acriores
1831 2241 1939 2283 aeris
1982 2241 2107 2285 alieni
2136 2256 2225 2286 esse
2265 2242 2465 2289 stimulos.
2498 2244 2573 2288 VI.

1530 2307 1591 2350 11.
1630 2306 1669 2349 8.
1718 2305 1880 2350 nullum
1918 2315 2177 2351 momentum
2218 2307 2271 2351 ad
2319 2309 2575 2354 vincendum

1527 2372 1686 2416 homini
1726 2374 1861 2418 acrius
1905 2372 2048 2418 datum
2078 2382 2150 2419 est.
2189 2374 2314 2419 XXI.
2357 2377 2425 2424 44.
2454 2377 2494 2421 9.
2521 2406 2576 2413 -

1528 2440 1589 2483 vis
1629 2440 1732 2484 fumi
1769 2440 1917 2485 acrior.
1962 2440 2226 2489 XXXVIII.
2270 2444 2308 2490 7.
2341 2444 2404 2491 13.
2450 2445 2577 2504 paulo

1528 2506 1678 2550 acriori
1733 2513 1870 2551 vento.
1915 2507 2132 2554 XXVIII.
2174 2510 2238 2556 17.
2282 2511 2346 2557 15.
2404 2511 2575 2558 afflabat

1528 2574 1664 2615 acrior
1699 2575 1867 2631 frigoris
1889 2576 1963 2616 vis.
2000 2575 2126 2622 XXI.
2161 2577 2228 2621 54.
2270 2578 2309 2620 8.
2356 2593 2454 2623 acer
2498 2579 2575 2629 80-

1529 2643 1741 2699 ptemtrio.
1780 2642 1947 2687 XXVI.
1972 2645 2041 2687 45.
2071 2645 2109 2687 8.
2154 2667 2202 2675 --
2249 2648 2574 2706 temperandum

1529 2723 1625 2750 acre
1654 2710 1741 2750 eius
1770 2709 1999 2765 ingenium.
2029 2711 2222 2755 XXVII.
2237 2714 2303 2755 34.
2322 2716 2359 2755 3.
2391 2716 2459 2756 vir
2480 2730 2578 2758 acer

1530 2791 1607 2816 nec
1635 2775 1839 2820 infandus.
1869 2777 1946 2819 IV.
1962 2779 2028 2821 49.
2046 2780 2108 2822 12.
2138 2780 2203 2820 vir
2217 2796 2314 2822 acer
2328 2791 2370 2823 et
2385 2783 2576 2825 ambitio-

1529 2857 1609 2883 sus.
1627 2840 1682 2886 X.
1707 2843 1766 2884 15.
1784 2843 1822 2885 8.
1850 2843 2041 2887 Pinarius
2068 2854 2157 2888 erat
2185 2847 2252 2897 vir.
2278 2863 2388 2892 acer.
2405 2848 2578 2894 XXIV.

1530 2910 1595 2952 37.
1623 2909 1661 2950 3.
1692 2910 1757 2952 vir
1784 2927 1891 2956 acer.
1921 2912 2090 2955 XXIX.
2120 2914 2186 2955 32.
2218 2903 2275 2958 Γ.
2298 2914 2583 2972 desponderat

1529 2974 1656 3017 filiani
1678 2977 1766 3018 viro
1795 2979 1891 3021 acri.
1923 2978 2005 3022 III.
2027 2980 2092 3020 44.
2111 2982 2149 3023 3.
2180 2996 2258 3023 nec
2287 2981 2364 3027 ulli
2379 2983 2471 3026 viro
2492 2987 2578 3026 acri

1531 3043 1850 3099 experientique
1904 3044 2073 3095 ,animus
2128 3055 2248 3090 esset.
2300 3047 2382 3095 VI.
2428 3051 2495 3095 34.
2540 3051 2578 3093 4.

1533 3107 1642 3151 viros
1670 3123 1786 3153 acres
1812 3110 1934 3153 nimis
1962 3118 2004 3155 et
2031 3111 2193 3157 feroces
2220 3122 2393 3160 creatos.
2409 3115 2579 3163 XXVI.

1532 3175 1596 3220 27.
1621 3177 1679 3218 11.
1711 3178 1847 3219 virum
1878 3177 2086 3225 ducebant
2114 3182 2420 3240 promptiorem
2448 3183 2577 3227 acrio-

1532 3256 1721 3303 remque.
1769 3244 1961 3290 XXVII.
2007 3248 2074 3291 34.
2108 3249 2149 3293 2.
2202 3262 2298 3293 cum
2363 3249 2579 3312 expeditis,
